Row ID,Order ID,Order Date,Ship Date,Ship Mode,Customer ID,Customer Name,Segment,Country/Region,City,State,Postal Code,Region,Product ID,Category,Sub-Category,Product Name,Sales,Quantity,Discount,Profit
1,CA-2020-152156,11/8/2020,11/11/2020,Second Class,CG-12520,Claire Gute,Consumer,United States,Henderson,Kentucky,42420,South,FUR-BO-10001798,Furniture,Bookcases,Bush Somerset Collection Bookcase,261.96,2,0,41.9136
2,CA-2020-152156,11/8/2020,11/11/2020,Second Class,CG-12520,Claire Gute,Consumer,United States,Henderson,Kentucky,42420,South,FUR-CH-10000454,Furniture,Chairs,"Hon Deluxe Fabric Upholstered Stacking Chairs, Rounded Back",731.94,3,0,219.582
419,CA-2021-154816,11/6/2021,11/10/2021,Standard Class,VB-21745,Victoria Brennan,Corporate,United States,Richmond,Kentucky,40475,South,OFF-PA-10003845,Office Supplies,Paper,Xerox 1987,5.78,1,0,2.8322
539,CA-2019-134894,12/7/2019,12/11/2019,Standard Class,DK-12985,Darren Koutras,Consumer,United States,Henderson,Kentucky,42420,South,OFF-AP-10001271,Office Supplies,Appliances,Eureka The Boss Cordless Rechargeable Stick Vac,152.94,3,0,41.2938
540,CA-2019-134894,12/7/2019,12/11/2019,Standard Class,DK-12985,Darren Koutras,Consumer,United States,Henderson,Kentucky,42420,South,FUR-CH-10002647,Furniture,Chairs,"Situations Contoured Folding Chairs, 4/Set",283.92,4,0,70.98
587,CA-2019-128139,7/3/2019,7/9/2019,Standard Class,BD-11725,Bruce Degenhardt,Consumer,United States,Richmond,Kentucky,40475,South,FUR-CH-10003956,Furniture,Chairs,Novimex High-Tech Fabric Mesh Task Chair,70.98,1,0,4.9686
588,CA-2019-128139,7/3/2019,7/9/2019,Standard Class,BD-11725,Bruce Degenhardt,Consumer,United States,Richmond,Kentucky,40475,South,OFF-LA-10003930,Office Supplies,Labels,"Dot Matrix Printer Tape Reel Labels, White, 5000/Box",294.93,3,0,144.5157
665,CA-2020-143308,11/4/2020,11/4/2020,Same Day,RC-19825,Roy Collins,Consumer,United States,Louisville,Kentucky,40214,South,OFF-FA-10000621,Office Supplies,Fasteners,"OIC Colored Binder Clips, Assorted Sizes",10.74,3,0,5.2626
830,CA-2021-129462,6/16/2021,6/21/2021,Second Class,JE-15745,Joel Eaton,Consumer,United States,Florence,Kentucky,41042,South,FUR-CH-10000665,Furniture,Chairs,"Global Airflow Leather Mesh Back Chair, Black",301.96,2,0,90.588
831,CA-2021-129462,6/16/2021,6/21/2021,Second Class,JE-15745,Joel Eaton,Consumer,United States,Florence,Kentucky,41042,South,OFF-AP-10003884,Office Supplies,Appliances,"Fellowes Smart Surge Ten-Outlet Protector, Platinum",180.66,3,0,50.5848
832,CA-2021-129462,6/16/2021,6/21/2021,Second Class,JE-15745,Joel Eaton,Consumer,United States,Florence,Kentucky,41042,South,TEC-PH-10001557,Technology,Phones,Pyle PMP37LED,191.98,2,0,51.8346
833,CA-2021-129462,6/16/2021,6/21/2021,Second Class,JE-15745,Joel Eaton,Consumer,United States,Florence,Kentucky,41042,South,TEC-PH-10002085,Technology,Phones,Clarity 53712,65.99,1,0,17.1574
847,CA-2019-114300,10/13/2019,10/17/2019,Standard Class,AF-10885,Art Foster,Consumer,United States,Louisville,Kentucky,40214,South,TEC-PH-10001552,Technology,Phones,I Need's 3d Hello Kitty Hybrid Silicone Case Cover for HTC One X 4g with 3d Hello Kitty Stylus Pen Green/pink,83.72,7,0,23.4416
848,CA-2019-114300,10/13/2019,10/17/2019,Standard Class,AF-10885,Art Foster,Consumer,United States,Louisville,Kentucky,40214,South,FUR-CH-10001891,Furniture,Chairs,Global Deluxe Office Fabric Chairs,287.94,3,0,77.7438
997,CA-2019-162537,10/28/2019,11/3/2019,Standard Class,RD-19585,Rob Dowd,Consumer,United States,Henderson,Kentucky,42420,South,OFF-EN-10003862,Office Supplies,Envelopes,Laser & Ink Jet Business Envelopes,10.67,1,0,4.9082
998,CA-2019-162537,10/28/2019,11/3/2019,Standard Class,RD-19585,Rob Dowd,Consumer,United States,Henderson,Kentucky,42420,South,OFF-ST-10004258,Office Supplies,Storage,Portable Personal File Box,36.63,3,0,9.8901
999,CA-2019-162537,10/28/2019,11/3/2019,Standard Class,RD-19585,Rob Dowd,Consumer,United States,Henderson,Kentucky,42420,South,FUR-FU-10002885,Furniture,Furnishings,Magna Visual Magnetic Picture Hangers,24.1,5,0,9.158
1000,CA-2019-162537,10/28/2019,11/3/2019,Standard Class,RD-19585,Rob Dowd,Consumer,United States,Henderson,Kentucky,42420,South,FUR-FU-10001918,Furniture,Furnishings,C-Line Cubicle Keepers Polyproplyene Holder With Velcro Backings,33.11,7,0,12.9129
1323,CA-2021-121804,3/3/2021,3/8/2021,Standard Class,LP-17095,Liz Preis,Consumer,United States,Murray,Kentucky,42071,South,OFF-AP-10004859,Office Supplies,Appliances,Acco 6 Outlet Guardian Premium Surge Suppressor,72.8,5,0,19.656
1358,CA-2020-145247,5/5/2020,5/7/2020,First Class,ND-18370,Natalie DeCherney,Consumer,United States,Louisville,Kentucky,40214,South,OFF-PA-10003641,Office Supplies,Paper,Xerox 1909,79.14,3,0,36.4044
1443,CA-2021-117695,8/5/2021,8/8/2021,First Class,PW-19030,Pauline Webber,Corporate,United States,Richmond,Kentucky,40475,South,OFF-PA-10002713,Office Supplies,Paper,"Adams Phone Message Book, 200 Message Capacity, 8 1/16” x 11”",13.76,2,0,6.3296
1554,CA-2021-158386,10/16/2021,10/21/2021,Standard Class,BO-11425,Bobby Odegard,Consumer,United States,Richmond,Kentucky,40475,South,OFF-BI-10003719,Office Supplies,Binders,Large Capacity Hanging Post Binders,124.75,5,0,57.385
1842,CA-2020-157763,7/18/2020,7/23/2020,Standard Class,KH-16330,Katharine Harms,Corporate,United States,Bowling Green,Kentucky,42104,South,FUR-CH-10000988,Furniture,Chairs,Hon Olson Stacker Stools,140.81,1,0,39.4268
2003,CA-2021-163510,12/25/2021,12/28/2021,Second Class,JW-15955,Joni Wasserman,Consumer,United States,Louisville,Kentucky,40214,South,OFF-ST-10000563,Office Supplies,Storage,Fellowes Bankers Box Stor/Drawer Steel Plus,95.94,3,0,9.594
2004,CA-2021-163510,12/25/2021,12/28/2021,Second Class,JW-15955,Joni Wasserman,Consumer,United States,Louisville,Kentucky,40214,South,FUR-CH-10001146,Furniture,Chairs,"Global Value Mid-Back Manager's Chair, Gray",304.45,5,0,76.1125
2322,CA-2019-109470,12/31/2019,1/3/2020,Second Class,KC-16255,Karen Carlisle,Corporate,United States,Henderson,Kentucky,42420,South,OFF-BI-10004492,Office Supplies,Binders,Tuf-Vin Binders,94.74,3,0,44.5278
2323,CA-2019-109470,12/31/2019,1/3/2020,Second Class,KC-16255,Karen Carlisle,Corporate,United States,Henderson,Kentucky,42420,South,OFF-BI-10001072,Office Supplies,Binders,"GBC Clear Cover, 8-1/2 x 11, unpunched, 25 covers per pack",60.64,4,0,27.8944
2324,CA-2019-109470,12/31/2019,1/3/2020,Second Class,KC-16255,Karen Carlisle,Corporate,United States,Henderson,Kentucky,42420,South,OFF-BI-10003707,Office Supplies,Binders,Aluminum Screw Posts,76.3,5,0,38.15
2325,CA-2019-109470,12/31/2019,1/3/2020,Second Class,KC-16255,Karen Carlisle,Corporate,United States,Henderson,Kentucky,42420,South,OFF-BI-10000977,Office Supplies,Binders,Ibico Plastic Spiral Binding Combs,364.8,12,0,167.808
2552,CA-2021-101042,11/19/2021,11/23/2021,Standard Class,AB-10105,Adrian Barton,Consumer,United States,Henderson,Kentucky,42420,South,FUR-FU-10004665,Furniture,Furnishings,"3M Polarizing Task Lamp with Clamp Arm, Light Gray",821.88,6,0,213.6888
2553,CA-2021-101042,11/19/2021,11/23/2021,Standard Class,AB-10105,Adrian Barton,Consumer,United States,Henderson,Kentucky,42420,South,OFF-BI-10000088,Office Supplies,Binders,GBC Imprintable Covers,21.96,2,0,10.7604
2566,CA-2021-109589,12/21/2021,12/24/2021,First Class,BD-11635,Brian Derr,Consumer,United States,Bowling Green,Kentucky,42104,South,TEC-AC-10003116,Technology,Accessories,Memorex Froggy Flash Drive 8 GB,71,4,0,27.69
3009,CA-2020-124772,12/5/2020,12/6/2020,First Class,JG-15160,James Galang,Consumer,United States,Murray,Kentucky,42071,South,FUR-FU-10004748,Furniture,Furnishings,"Howard Miller 16"" Diameter Gallery Wall Clock",191.82,3,0,74.8098
3082,US-2021-132297,5/27/2021,6/2/2021,Standard Class,DW-13480,Dianna Wilson,Home Office,United States,Louisville,Kentucky,40214,South,OFF-BI-10003364,Office Supplies,Binders,Binding Machine Supplies,58.34,2,0,28.0032
3083,US-2021-132297,5/27/2021,6/2/2021,Standard Class,DW-13480,Dianna Wilson,Home Office,United States,Louisville,Kentucky,40214,South,TEC-PH-10002834,Technology,Phones,Google Nexus 5,539.97,3,0,134.9925
3089,US-2021-159205,3/31/2021,4/2/2021,Second Class,DB-12910,Daniel Byrd,Home Office,United States,Henderson,Kentucky,42420,South,FUR-FU-10001591,Furniture,Furnishings,Advantus Panel Wall Certificate Holder - 8.5x11,61,5,0,25.62
3090,US-2021-159205,3/31/2021,4/2/2021,Second Class,DB-12910,Daniel Byrd,Home Office,United States,Henderson,Kentucky,42420,South,TEC-PH-10000526,Technology,Phones,Vtech CS6719,671.93,7,0,188.1404
3399,CA-2018-102274,11/21/2018,11/26/2018,Standard Class,DH-13075,Dave Hallsten,Corporate,United States,Richmond,Kentucky,40475,South,TEC-PH-10002923,Technology,Phones,"Logitech B530 USB Headset - headset - Full size, Binaural",36.99,1,0,9.9873
3400,CA-2018-102274,11/21/2018,11/26/2018,Standard Class,DH-13075,Dave Hallsten,Corporate,United States,Richmond,Kentucky,40475,South,OFF-PA-10004359,Office Supplies,Paper,Multicolor Computer Printout Paper,629.1,6,0,301.968
3401,CA-2018-102274,11/21/2018,11/26/2018,Standard Class,DH-13075,Dave Hallsten,Corporate,United States,Richmond,Kentucky,40475,South,OFF-ST-10001511,Office Supplies,Storage,Space Solutions Commercial Steel Shelving,193.95,3,0,9.6975
3402,CA-2018-102274,11/21/2018,11/26/2018,Standard Class,DH-13075,Dave Hallsten,Corporate,United States,Richmond,Kentucky,40475,South,OFF-AR-10002833,Office Supplies,Art,Newell 322,5.46,3,0,1.4742
3538,CA-2018-158771,5/9/2018,5/9/2018,Same Day,SB-20290,Sean Braxton,Corporate,United States,Henderson,Kentucky,42420,South,OFF-ST-10000107,Office Supplies,Storage,Fellowes Super Stor/Drawer,83.25,3,0,14.985
3539,CA-2018-158771,5/9/2018,5/9/2018,Same Day,SB-20290,Sean Braxton,Corporate,United States,Henderson,Kentucky,42420,South,OFF-LA-10001641,Office Supplies,Labels,Avery 518,9.45,3,0,4.536
3540,CA-2018-158771,5/9/2018,5/9/2018,Same Day,SB-20290,Sean Braxton,Corporate,United States,Henderson,Kentucky,42420,South,OFF-LA-10003121,Office Supplies,Labels,Avery 506,20.65,5,0,9.499
3541,CA-2018-158771,5/9/2018,5/9/2018,Same Day,SB-20290,Sean Braxton,Corporate,United States,Henderson,Kentucky,42420,South,OFF-PA-10002689,Office Supplies,Paper,Weyerhaeuser First Choice Laser/Copy Paper (20Lb. and 88 Bright),45.36,7,0,21.7728
3547,CA-2021-155292,10/30/2021,11/1/2021,First Class,RD-19810,Ross DeVincentis,Home Office,United States,Richmond,Kentucky,40475,South,OFF-ST-10004963,Office Supplies,Storage,Eldon Gobal File Keepers,105.98,7,0,4.2392
3548,CA-2021-155292,10/30/2021,11/1/2021,First Class,RD-19810,Ross DeVincentis,Home Office,United States,Richmond,Kentucky,40475,South,OFF-SU-10002573,Office Supplies,Supplies,"Acme 10"" Easy Grip Assistive Scissors",35.06,2,0,10.518
3549,CA-2021-155292,10/30/2021,11/1/2021,First Class,RD-19810,Ross DeVincentis,Home Office,United States,Richmond,Kentucky,40475,South,FUR-CH-10000553,Furniture,Chairs,"Metal Folding Chairs, Beige, 4/Carton",33.94,1,0,9.1638
3550,CA-2021-155292,10/30/2021,11/1/2021,First Class,RD-19810,Ross DeVincentis,Home Office,United States,Richmond,Kentucky,40475,South,OFF-LA-10001982,Office Supplies,Labels,Smead Alpha-Z Color-Coded Name Labels First Letter Starter Set,30,8,0,14.4
3590,CA-2021-146535,11/24/2021,11/30/2021,Standard Class,FM-14290,Frank Merwin,Home Office,United States,Richmond,Kentucky,40475,South,OFF-BI-10000546,Office Supplies,Binders,Avery Durable Binders,2.88,1,0,1.4112
3591,CA-2021-146535,11/24/2021,11/30/2021,Standard Class,FM-14290,Frank Merwin,Home Office,United States,Richmond,Kentucky,40475,South,OFF-ST-10001526,Office Supplies,Storage,Iceberg Mobile Mega Data/Printer Cart,1443.96,12,0,375.4296
4094,CA-2019-102491,8/24/2019,8/28/2019,Standard Class,KW-16435,Katrina Willman,Consumer,United States,Florence,Kentucky,41042,South,TEC-MA-10000864,Technology,Machines,Cisco 9971 IP Video Phone Charcoal,3080,7,0,1416.8
4095,CA-2019-102491,8/24/2019,8/28/2019,Standard Class,KW-16435,Katrina Willman,Consumer,United States,Florence,Kentucky,41042,South,TEC-AC-10003289,Technology,Accessories,Anker Ultra-Slim Mini Bluetooth 3.0 Wireless Keyboard,79.96,4,0,18.3908
4096,CA-2019-102491,8/24/2019,8/28/2019,Standard Class,KW-16435,Katrina Willman,Consumer,United States,Florence,Kentucky,41042,South,TEC-PH-10001619,Technology,Phones,LG G3,587.97,3,0,170.5113
4212,CA-2018-166457,5/5/2018,5/9/2018,Second Class,PF-19120,Peter Fuller,Consumer,United States,Richmond,Kentucky,40475,South,OFF-PA-10003016,Office Supplies,Paper,"Adams ""While You Were Out"" Message Pads",9.42,3,0,4.239
4213,CA-2018-166457,5/5/2018,5/9/2018,Second Class,PF-19120,Peter Fuller,Consumer,United States,Richmond,Kentucky,40475,South,OFF-AR-10003651,Office Supplies,Art,Newell 350,6.56,2,0,1.9024
4214,CA-2018-166457,5/5/2018,5/9/2018,Second Class,PF-19120,Peter Fuller,Consumer,United States,Richmond,Kentucky,40475,South,OFF-PA-10001363,Office Supplies,Paper,Xerox 1933,24.56,2,0,11.5432
4379,CA-2019-140830,11/30/2019,12/2/2019,Second Class,PS-18970,Paul Stevenson,Home Office,United States,Henderson,Kentucky,42420,South,OFF-EN-10000461,Office Supplies,Envelopes,"#10- 4 1/8"" x 9 1/2"" Recycled Envelopes",17.48,2,0,8.2156
4380,CA-2019-140830,11/30/2019,12/2/2019,Second Class,PS-18970,Paul Stevenson,Home Office,United States,Henderson,Kentucky,42420,South,OFF-EN-10002831,Office Supplies,Envelopes,"Tyvek  Top-Opening Peel & Seel  Envelopes, Gray",71.88,2,0,32.346
4431,CA-2020-168893,11/3/2020,11/8/2020,Second Class,AP-10915,Arthur Prichep,Consumer,United States,Henderson,Kentucky,42420,South,OFF-FA-10002280,Office Supplies,Fasteners,Advantus Plastic Paper Clips,20,4,0,9.6
4432,CA-2020-168893,11/3/2020,11/8/2020,Second Class,AP-10915,Arthur Prichep,Consumer,United States,Henderson,Kentucky,42420,South,OFF-AR-10001770,Office Supplies,Art,Economy #2 Pencils,7.98,3,0,2.0748
4433,CA-2020-168893,11/3/2020,11/8/2020,Second Class,AP-10915,Arthur Prichep,Consumer,United States,Henderson,Kentucky,42420,South,FUR-FU-10002885,Furniture,Furnishings,Magna Visual Magnetic Picture Hangers,24.1,5,0,9.158
4434,CA-2020-168893,11/3/2020,11/8/2020,Second Class,AP-10915,Arthur Prichep,Consumer,United States,Henderson,Kentucky,42420,South,OFF-AR-10003772,Office Supplies,Art,Boston 16750 Black Compact Battery Pencil Sharpener,8.75,1,0,2.625
4435,CA-2020-168893,11/3/2020,11/8/2020,Second Class,AP-10915,Arthur Prichep,Consumer,United States,Henderson,Kentucky,42420,South,FUR-TA-10003392,Furniture,Tables,Global Adaptabilities Conference Tables,842.94,3,0,160.1586
4828,CA-2018-152562,11/1/2018,11/8/2018,Standard Class,JO-15145,Jack O'Briant,Corporate,United States,Richmond,Kentucky,40475,South,OFF-ST-10000464,Office Supplies,Storage,"Multi-Use Personal File Cart and Caster Set, Three Stacking Bins",69.52,2,0,19.4656
4829,CA-2018-152562,11/1/2018,11/8/2018,Standard Class,JO-15145,Jack O'Briant,Corporate,United States,Richmond,Kentucky,40475,South,OFF-AR-10001919,Office Supplies,Art,"OIC #2 Pencils, Medium Soft",5.64,3,0,1.6356
4841,CA-2021-154123,11/20/2021,11/25/2021,Standard Class,SC-20050,Sample Company A,Home Office,United States,Henderson,Kentucky,42420,South,FUR-FU-10000629,Furniture,Furnishings,9-3/4 Diameter Round Wall Clock,27.58,2,0,11.5836
4880,CA-2021-143567,11/2/2021,11/5/2021,Second Class,TB-21175,Thomas Boland,Corporate,United States,Henderson,Kentucky,42420,South,OFF-EN-10004846,Office Supplies,Envelopes,Letter or Legal Size Expandable Poly String Tie Envelopes,5.32,2,0,2.6068
4881,CA-2021-143567,11/2/2021,11/5/2021,Second Class,TB-21175,Thomas Boland,Corporate,United States,Henderson,Kentucky,42420,South,FUR-CH-10000454,Furniture,Chairs,"Hon Deluxe Fabric Upholstered Stacking Chairs, Rounded Back",975.92,4,0,292.776
4882,CA-2021-143567,11/2/2021,11/5/2021,Second Class,TB-21175,Thomas Boland,Corporate,United States,Henderson,Kentucky,42420,South,TEC-AC-10004145,Technology,Accessories,Logitech diNovo Edge Keyboard,2249.91,9,0,517.4793
4883,CA-2021-143567,11/2/2021,11/5/2021,Second Class,TB-21175,Thomas Boland,Corporate,United States,Henderson,Kentucky,42420,South,OFF-ST-10001580,Office Supplies,Storage,Super Decoflex Portable Personal File,59.92,4,0,16.7776
5060,CA-2020-109722,12/5/2020,12/7/2020,Second Class,TP-21130,Theone Pippenger,Consumer,United States,Georgetown,Kentucky,40324,South,TEC-PH-10000560,Technology,Phones,Samsung Galaxy S III - 16GB - pebble blue (T-Mobile),699.98,2,0,195.9944
5061,CA-2020-109722,12/5/2020,12/7/2020,Second Class,TP-21130,Theone Pippenger,Consumer,United States,Georgetown,Kentucky,40324,South,OFF-ST-10000060,Office Supplies,Storage,Fellowes Bankers Box Staxonsteel Drawer File/Stacking System,584.82,9,0,70.1784
5424,CA-2021-103009,11/3/2021,11/5/2021,Second Class,PJ-18835,Patrick Jones,Corporate,United States,Richmond,Kentucky,40475,South,OFF-PA-10001215,Office Supplies,Paper,Xerox 1963,26.4,5,0,11.88
5754,CA-2020-118514,2/3/2020,2/10/2020,Standard Class,LC-17050,Liz Carlisle,Consumer,United States,Richmond,Kentucky,40475,South,FUR-CH-10000015,Furniture,Chairs,Hon Multipurpose Stacking Arm Chairs,866.4,4,0,225.264
5889,CA-2019-147879,5/7/2019,5/12/2019,Standard Class,CC-12220,Chris Cortes,Consumer,United States,Owensboro,Kentucky,42301,South,OFF-PA-10001952,Office Supplies,Paper,Xerox 1902,45.68,2,0,21.0128
5913,CA-2018-120432,8/24/2018,8/26/2018,Second Class,DW-13585,Dorothy Wardle,Corporate,United States,Owensboro,Kentucky,42301,South,OFF-SU-10004661,Office Supplies,Supplies,Acme Titanium Bonded Scissors,25.5,3,0,6.63
6037,CA-2020-131205,9/4/2020,9/8/2020,Standard Class,AA-10645,Anna Andreadi,Consumer,United States,Georgetown,Kentucky,40324,South,FUR-FU-10003347,Furniture,Furnishings,Coloredge Poster Frame,42.6,3,0,16.614
6038,CA-2020-131205,9/4/2020,9/8/2020,Standard Class,AA-10645,Anna Andreadi,Consumer,United States,Georgetown,Kentucky,40324,South,OFF-BI-10000315,Office Supplies,Binders,Poly Designer Cover & Back,113.94,6,0,54.6912
6039,CA-2020-131205,9/4/2020,9/8/2020,Standard Class,AA-10645,Anna Andreadi,Consumer,United States,Georgetown,Kentucky,40324,South,OFF-ST-10002583,Office Supplies,Storage,Fellowes Neat Ideas Storage Cubes,129.92,4,0,5.1968
6040,CA-2020-131205,9/4/2020,9/8/2020,Standard Class,AA-10645,Anna Andreadi,Consumer,United States,Georgetown,Kentucky,40324,South,OFF-AR-10003469,Office Supplies,Art,Nontoxic Chalk,5.28,3,0,2.5344
6218,US-2019-129553,7/27/2019,8/2/2019,Standard Class,PG-18820,Patrick Gardner,Consumer,United States,Louisville,Kentucky,40214,South,TEC-PH-10004897,Technology,Phones,Mediabridge Sport Armband iPhone 5s,29.97,3,0,0.2997
6413,CA-2021-151211,8/17/2021,8/23/2021,Standard Class,AH-10120,Adrian Hane,Home Office,United States,Louisville,Kentucky,40214,South,OFF-BI-10002735,Office Supplies,Binders,GBC Prestige Therm-A-Bind Covers,102.93,3,0,48.3771
6414,CA-2021-151211,8/17/2021,8/23/2021,Standard Class,AH-10120,Adrian Hane,Home Office,United States,Louisville,Kentucky,40214,South,TEC-AC-10004510,Technology,Accessories,Logitech Desktop MK120 Mouse and keyboard Combo,98.16,6,0,9.816
6465,US-2020-155404,9/22/2020,9/28/2020,Standard Class,AS-10630,Ann Steele,Home Office,United States,Louisville,Kentucky,40214,South,FUR-FU-10004586,Furniture,Furnishings,G.E. Longer-Life Indoor Recessed Floodlight Bulbs,13.28,2,0,6.3744
6498,CA-2019-103135,7/24/2019,7/28/2019,Standard Class,SS-20515,Shirley Schmidt,Home Office,United States,Louisville,Kentucky,40214,South,FUR-FU-10001487,Furniture,Furnishings,"Eldon Expressions Wood and Plastic Desk Accessories, Cherry Wood",20.94,3,0,6.0726
6499,CA-2019-103135,7/24/2019,7/28/2019,Standard Class,SS-20515,Shirley Schmidt,Home Office,United States,Louisville,Kentucky,40214,South,OFF-BI-10000069,Office Supplies,Binders,"GBC Prepunched Paper, 19-Hole, for Binding Systems, 24-lb",135.09,9,0,62.1414
6500,CA-2019-103135,7/24/2019,7/28/2019,Standard Class,SS-20515,Shirley Schmidt,Home Office,United States,Louisville,Kentucky,40214,South,TEC-AC-10003289,Technology,Accessories,Anker Ultra-Slim Mini Bluetooth 3.0 Wireless Keyboard,279.86,14,0,64.3678
6501,CA-2019-103135,7/24/2019,7/28/2019,Standard Class,SS-20515,Shirley Schmidt,Home Office,United States,Louisville,Kentucky,40214,South,OFF-BI-10000069,Office Supplies,Binders,"GBC Prepunched Paper, 19-Hole, for Binding Systems, 24-lb",90.06,6,0,41.4276
6612,CA-2019-107678,4/21/2019,4/28/2019,Standard Class,JK-16090,Juliana Krohn,Consumer,United States,Louisville,Kentucky,40214,South,FUR-CH-10001891,Furniture,Chairs,Global Deluxe Office Fabric Chairs,191.96,2,0,51.8292
6613,CA-2019-107678,4/21/2019,4/28/2019,Standard Class,JK-16090,Juliana Krohn,Consumer,United States,Louisville,Kentucky,40214,South,OFF-BI-10002215,Office Supplies,Binders,"Wilson Jones Hanging View Binder, White, 1""",21.3,3,0,9.798
6614,CA-2019-107678,4/21/2019,4/28/2019,Standard Class,JK-16090,Juliana Krohn,Consumer,United States,Louisville,Kentucky,40214,South,TEC-PH-10002103,Technology,Phones,Jabra SPEAK 410,469.95,5,0,131.586
6615,CA-2019-107678,4/21/2019,4/28/2019,Standard Class,JK-16090,Juliana Krohn,Consumer,United States,Louisville,Kentucky,40214,South,FUR-FU-10003394,Furniture,Furnishings,"Tenex ""The Solids"" Textured Chair Mats",209.88,3,0,35.6796
7000,CA-2021-123687,5/26/2021,5/29/2021,First Class,KC-16675,Kimberly Carter,Corporate,United States,Louisville,Kentucky,40214,South,OFF-AP-10002670,Office Supplies,Appliances,Belkin 8-Outlet Premiere SurgeMaster II Surge Protectors,208.44,3,0,62.532
7001,CA-2021-123687,5/26/2021,5/29/2021,First Class,KC-16675,Kimberly Carter,Corporate,United States,Louisville,Kentucky,40214,South,OFF-SU-10004498,Office Supplies,Supplies,Martin-Yale Premier Letter Opener,25.76,2,0,0.7728
7015,CA-2018-114790,3/11/2018,3/13/2018,Second Class,FM-14215,Filia McAdams,Corporate,United States,Richmond,Kentucky,40475,South,OFF-AP-10002578,Office Supplies,Appliances,"Fellowes Premier Superior Surge Suppressor, 10-Outlet, With Phone and Remote",146.76,3,0,38.1576
7016,CA-2018-114790,3/11/2018,3/13/2018,Second Class,FM-14215,Filia McAdams,Corporate,United States,Richmond,Kentucky,40475,South,TEC-AC-10000710,Technology,Accessories,Maxell DVD-RAM Discs,32.96,2,0,14.1728
7017,CA-2018-114790,3/11/2018,3/13/2018,Second Class,FM-14215,Filia McAdams,Corporate,United States,Richmond,Kentucky,40475,South,TEC-PH-10000984,Technology,Phones,Panasonic KX-TG9471B,587.97,3,0,164.6316
7018,CA-2018-114790,3/11/2018,3/13/2018,Second Class,FM-14215,Filia McAdams,Corporate,United States,Richmond,Kentucky,40475,South,OFF-PA-10000213,Office Supplies,Paper,Xerox 198,14.94,3,0,7.0218
7091,CA-2019-119480,1/9/2019,1/13/2019,Standard Class,CC-12685,Craig Carroll,Consumer,United States,Henderson,Kentucky,42420,South,OFF-PA-10000474,Office Supplies,Paper,Easy-staple paper,106.32,3,0,49.9704
7092,CA-2019-119480,1/9/2019,1/13/2019,Standard Class,CC-12685,Craig Carroll,Consumer,United States,Henderson,Kentucky,42420,South,OFF-AP-10001205,Office Supplies,Appliances,Belkin 5 Outlet SurgeMaster Power Centers,163.44,3,0,45.7632
7093,CA-2019-119480,1/9/2019,1/13/2019,Standard Class,CC-12685,Craig Carroll,Consumer,United States,Henderson,Kentucky,42420,South,OFF-AR-10004691,Office Supplies,Art,Boston 1730 StandUp Electric Pencil Sharpener,42.76,2,0,11.1176
7094,CA-2019-119480,1/9/2019,1/13/2019,Standard Class,CC-12685,Craig Carroll,Consumer,United States,Henderson,Kentucky,42420,South,OFF-PA-10004996,Office Supplies,Paper,"Speediset Carbonless Redi-Letter 7"" x 8 1/2""",51.55,5,0,24.2285
7475,CA-2018-167199,1/6/2018,1/10/2018,Standard Class,ME-17320,Maria Etezadi,Home Office,United States,Henderson,Kentucky,42420,South,FUR-CH-10004063,Furniture,Chairs,Global Deluxe High-Back Manager's Chair,2573.82,9,0,746.4078
7476,CA-2018-167199,1/6/2018,1/10/2018,Standard Class,ME-17320,Maria Etezadi,Home Office,United States,Henderson,Kentucky,42420,South,OFF-BI-10004632,Office Supplies,Binders,Ibico Hi-Tech Manual Binding System,609.98,2,0,274.491
7477,CA-2018-167199,1/6/2018,1/10/2018,Standard Class,ME-17320,Maria Etezadi,Home Office,United States,Henderson,Kentucky,42420,South,OFF-AR-10001662,Office Supplies,Art,Rogers Handheld Barrel Pencil Sharpener,5.48,2,0,1.4796
7478,CA-2018-167199,1/6/2018,1/10/2018,Standard Class,ME-17320,Maria Etezadi,Home Office,United States,Henderson,Kentucky,42420,South,TEC-PH-10004977,Technology,Phones,GE 30524EE4,391.98,2,0,113.6742
7479,CA-2018-167199,1/6/2018,1/10/2018,Standard Class,ME-17320,Maria Etezadi,Home Office,United States,Henderson,Kentucky,42420,South,TEC-PH-10004539,Technology,Phones,Wireless Extenders zBoost YX545 SOHO Signal Booster,755.96,4,0,204.1092
7480,CA-2018-167199,1/6/2018,1/10/2018,Standard Class,ME-17320,Maria Etezadi,Home Office,United States,Henderson,Kentucky,42420,South,OFF-FA-10001883,Office Supplies,Fasteners,"Alliance Super-Size Bands, Assorted Sizes",31.12,4,0,0.3112
7481,CA-2018-167199,1/6/2018,1/10/2018,Standard Class,ME-17320,Maria Etezadi,Home Office,United States,Henderson,Kentucky,42420,South,OFF-PA-10000955,Office Supplies,Paper,Southworth 25% Cotton Granite Paper & Envelopes,6.54,1,0,3.0084
7515,US-2021-167920,12/9/2021,12/12/2021,Second Class,JL-15835,John Lee,Consumer,United States,Richmond,Kentucky,40475,South,OFF-BI-10004236,Office Supplies,Binders,"XtraLife ClearVue Slant-D Ring Binder, White, 3""",29.36,2,0,13.5056
7516,US-2021-167920,12/9/2021,12/12/2021,Second Class,JL-15835,John Lee,Consumer,United States,Richmond,Kentucky,40475,South,OFF-AP-10000159,Office Supplies,Appliances,Belkin F9M820V08 8 Outlet Surge,214.9,5,0,62.321
7517,US-2021-167920,12/9/2021,12/12/2021,Second Class,JL-15835,John Lee,Consumer,United States,Richmond,Kentucky,40475,South,OFF-BI-10003274,Office Supplies,Binders,"Avery Durable Slant Ring Binders, No Labels",15.92,4,0,7.4824
7518,US-2021-167920,12/9/2021,12/12/2021,Second Class,JL-15835,John Lee,Consumer,United States,Richmond,Kentucky,40475,South,TEC-AC-10001013,Technology,Accessories,Logitech ClearChat Comfort/USB Headset H390,146.45,5,0,48.3285
7519,US-2021-167920,12/9/2021,12/12/2021,Second Class,JL-15835,John Lee,Consumer,United States,Richmond,Kentucky,40475,South,OFF-ST-10004963,Office Supplies,Storage,Eldon Gobal File Keepers,15.14,1,0,0.6056
7520,US-2021-167920,12/9/2021,12/12/2021,Second Class,JL-15835,John Lee,Consumer,United States,Richmond,Kentucky,40475,South,OFF-LA-10004409,Office Supplies,Labels,Avery 492,5.76,2,0,2.6496
7521,US-2021-167920,12/9/2021,12/12/2021,Second Class,JL-15835,John Lee,Consumer,United States,Richmond,Kentucky,40475,South,TEC-CO-10001046,Technology,Copiers,Canon Imageclass D680 Copier / Fax,1399.98,2,0,629.991
7633,US-2021-158526,12/29/2021,1/1/2022,Second Class,KH-16360,Katherine Hughes,Consumer,United States,Louisville,Kentucky,40214,South,FUR-CH-10002602,Furniture,Chairs,DMI Arturo Collection Mission-style Design Wood Chair,1207.84,8,0,314.0384
7634,US-2021-158526,12/29/2021,1/1/2022,Second Class,KH-16360,Katherine Hughes,Consumer,United States,Louisville,Kentucky,40214,South,OFF-BI-10002414,Office Supplies,Binders,GBC ProClick Spines for 32-Hole Punch,12.53,1,0,5.8891
7635,US-2021-158526,12/29/2021,1/1/2022,Second Class,KH-16360,Katherine Hughes,Consumer,United States,Louisville,Kentucky,40214,South,OFF-AR-10003696,Office Supplies,Art,Panasonic KP-350BK Electric Pencil Sharpener with Auto Stop,34.58,1,0,10.0282
7636,US-2021-158526,12/29/2021,1/1/2022,Second Class,KH-16360,Katherine Hughes,Consumer,United States,Louisville,Kentucky,40214,South,FUR-CH-10004495,Furniture,Chairs,"Global Leather and Oak Executive Chair, Black",300.98,1,0,87.2842
7637,US-2021-158526,12/29/2021,1/1/2022,Second Class,KH-16360,Katherine Hughes,Consumer,United States,Louisville,Kentucky,40214,South,FUR-CH-10001270,Furniture,Chairs,Harbour Creations Steel Folding Chair,258.75,3,0,77.625
8515,CA-2019-122168,8/21/2019,8/26/2019,Standard Class,HG-14965,Henry Goldwyn,Corporate,United States,Florence,Kentucky,41042,South,OFF-AR-10003602,Office Supplies,Art,"Quartet Omega Colored Chalk, 12/Pack",17.52,3,0,8.2344
8516,CA-2019-122168,8/21/2019,8/26/2019,Standard Class,HG-14965,Henry Goldwyn,Corporate,United States,Florence,Kentucky,41042,South,OFF-AR-10002053,Office Supplies,Art,"Premium Writing Pencils, Soft, #2 by Central Association for the Blind",35.76,12,0,10.0128
8580,CA-2020-111605,12/27/2020,1/2/2021,Standard Class,JW-15955,Joni Wasserman,Consumer,United States,Louisville,Kentucky,40214,South,OFF-LA-10002368,Office Supplies,Labels,Avery 479,2.61,1,0,1.2006
8636,CA-2018-160094,4/30/2018,5/2/2018,First Class,JM-16195,Justin MacKendrick,Consumer,United States,Louisville,Kentucky,40214,South,OFF-AR-10004010,Office Supplies,Art,Hunt Boston Vacuum Mount KS Pencil Sharpener,174.95,5,0,45.487
8637,CA-2018-160094,4/30/2018,5/2/2018,First Class,JM-16195,Justin MacKendrick,Consumer,United States,Louisville,Kentucky,40214,South,OFF-ST-10000585,Office Supplies,Storage,Economy Rollaway Files,826,5,0,214.76
8640,CA-2018-129819,12/13/2018,12/15/2018,Second Class,KC-16675,Kimberly Carter,Corporate,United States,Henderson,Kentucky,42420,South,OFF-BI-10004970,Office Supplies,Binders,"ACCOHIDE 3-Ring Binder, Blue, 1""",12.39,3,0,5.8233
9075,CA-2018-136336,4/21/2018,4/26/2018,Standard Class,DB-13555,Dorothy Badders,Corporate,United States,Henderson,Kentucky,42420,South,OFF-ST-10002574,Office Supplies,Storage,"SAFCO Commercial Wire Shelving, Black",828.84,6,0,0
9079,CA-2020-108105,2/16/2020,2/23/2020,Standard Class,GW-14605,Giulietta Weimer,Consumer,United States,Henderson,Kentucky,42420,South,FUR-FU-10003773,Furniture,Furnishings,Eldon Cleatmat Plus Chair Mats for High Pile Carpets,318.08,4,0,34.9888
9080,CA-2020-108105,2/16/2020,2/23/2020,Standard Class,GW-14605,Giulietta Weimer,Consumer,United States,Henderson,Kentucky,42420,South,OFF-BI-10002412,Office Supplies,Binders,Wilson Jones “Snap” Scratch Pad Binder Tool for Ring Binders,5.8,1,0,2.61
9091,US-2021-148831,10/13/2021,10/15/2021,First Class,AH-10210,Alan Hwang,Consumer,United States,Louisville,Kentucky,40214,South,OFF-ST-10002974,Office Supplies,Storage,"Trav-L-File Heavy-Duty Shuttle II, Black",348.56,8,0,104.568
9274,CA-2021-146983,9/2/2021,9/6/2021,Standard Class,AH-10210,Alan Hwang,Consumer,United States,Henderson,Kentucky,42420,South,OFF-BI-10003650,Office Supplies,Binders,GBC DocuBind 300 Electric Binding Machine,1577.94,3,0,757.4112
9333,CA-2021-127726,9/11/2021,9/13/2021,Second Class,SS-20410,Shahid Shariari,Consumer,United States,Georgetown,Kentucky,40324,South,OFF-AP-10002578,Office Supplies,Appliances,"Fellowes Premier Superior Surge Suppressor, 10-Outlet, With Phone and Remote",195.68,4,0,50.8768
9334,CA-2021-127726,9/11/2021,9/13/2021,Second Class,SS-20410,Shahid Shariari,Consumer,United States,Georgetown,Kentucky,40324,South,OFF-FA-10000992,Office Supplies,Fasteners,"Acco Clips to Go Binder Clips, 24 Clips in Two Sizes",14.2,4,0,6.674
9463,US-2021-109610,11/25/2021,11/30/2021,Second Class,BS-11590,Brendan Sweed,Corporate,United States,Louisville,Kentucky,40214,South,FUR-CH-10001854,Furniture,Chairs,Office Star - Professional Matrix Back Chair with 2-to-1 Synchro Tilt and Mesh Fabric Seat,701.96,2,0,168.4704
9786,CA-2019-155635,5/9/2019,5/13/2019,Standard Class,ME-17725,Max Engle,Consumer,United States,Louisville,Kentucky,40214,South,OFF-BI-10000962,Office Supplies,Binders,"Acco Flexible ACCOHIDE Square Ring Data Binder, Dark Blue, 11 1/2"" X 14"" 7/8""",48.81,3,0,23.9169
9912,US-2018-157231,4/5/2018,4/9/2018,Standard Class,RP-19855,Roy Phan,Corporate,United States,Richmond,Kentucky,40475,South,OFF-BI-10002852,Office Supplies,Binders,Ibico Standard Transparent Covers,115.36,7,0,56.5264
9961,CA-2021-141446,9/16/2021,9/18/2021,Second Class,CL-12700,Craig Leslie,Home Office,United States,Florence,Kentucky,41042,South,TEC-AC-10002305,Technology,Accessories,KeyTronic E03601U1 - Keyboard - Beige,18,1,0,3.24
