Row ID,Order ID,Order Date,Ship Date,Ship Mode,Customer ID,Customer Name,Segment,Country/Region,City,State,Postal Code,Region,Product ID,Category,Sub-Category,Product Name,Sales,Quantity,Discount,Profit
47,CA-2018-146703,10/20/2018,10/25/2018,Second Class,PO-18865,Patrick O'Donnell,Consumer,United States,Westland,Michigan,48185,Central,OFF-ST-10001713,Office Supplies,Storage,"Gould Plastics 9-Pocket Panel Bin, 18-3/8w x 5-1/4d x 20-1/2h, Black",211.96,4,0,8.4784
72,CA-2021-114440,9/14/2021,9/17/2021,Second Class,TB-21520,Tracy Blumstein,Consumer,United States,Jackson,Michigan,49201,Central,OFF-PA-10004675,Office Supplies,Paper,"Telephone Message Books with Fax/Mobile Section, 5 1/2"" x 3 3/16""",19.05,3,0,8.763
207,CA-2021-135860,12/1/2021,12/7/2021,Standard Class,JH-15985,Joseph Holt,Consumer,United States,Saginaw,Michigan,48601,Central,OFF-ST-10000642,Office Supplies,Storage,"Tennsco Lockers, Gray",83.92,4,0,5.8744
208,CA-2021-135860,12/1/2021,12/7/2021,Standard Class,JH-15985,Joseph Holt,Consumer,United States,Saginaw,Michigan,48601,Central,TEC-PH-10001700,Technology,Phones,Panasonic KX-TG6844B Expandable Digital Cordless Telephone,131.98,2,0,35.6346
209,CA-2021-135860,12/1/2021,12/7/2021,Standard Class,JH-15985,Joseph Holt,Consumer,United States,Saginaw,Michigan,48601,Central,OFF-BI-10003274,Office Supplies,Binders,"Avery Durable Slant Ring Binders, No Labels",15.92,4,0,7.4824
210,CA-2021-135860,12/1/2021,12/7/2021,Standard Class,JH-15985,Joseph Holt,Consumer,United States,Saginaw,Michigan,48601,Central,OFF-FA-10000134,Office Supplies,Fasteners,"Advantus Push Pins, Aluminum Head",52.29,9,0,16.2099
211,CA-2021-135860,12/1/2021,12/7/2021,Standard Class,JH-15985,Joseph Holt,Consumer,United States,Saginaw,Michigan,48601,Central,OFF-ST-10001522,Office Supplies,Storage,"Gould Plastics 18-Pocket Panel Bin, 34w x 5-1/4d x 20-1/2h",91.99,1,0,3.6796
226,CA-2019-163055,8/9/2019,8/16/2019,Standard Class,DS-13180,David Smith,Corporate,United States,Detroit,Michigan,48227,Central,OFF-AR-10001026,Office Supplies,Art,"Sanford Uni-Blazer View Highlighters, Chisel Tip, Yellow",2.2,1,0,0.968
227,CA-2019-163055,8/9/2019,8/16/2019,Standard Class,DS-13180,David Smith,Corporate,United States,Detroit,Michigan,48227,Central,FUR-TA-10003748,Furniture,Tables,Bevis 36 x 72 Conference Tables,622.45,5,0,136.939
228,CA-2019-163055,8/9/2019,8/16/2019,Standard Class,DS-13180,David Smith,Corporate,United States,Detroit,Michigan,48227,Central,OFF-ST-10002485,Office Supplies,Storage,Rogers Deluxe File Chest,21.98,1,0,0.2198
306,CA-2018-130960,12/30/2018,1/4/2019,Standard Class,KB-16600,Ken Brennan,Corporate,United States,Taylor,Michigan,48180,Central,OFF-AR-10003651,Office Supplies,Art,Newell 350,9.84,3,0,2.8536
384,CA-2019-125395,6/26/2019,6/29/2019,Second Class,LA-16780,Laura Armstrong,Corporate,United States,Taylor,Michigan,48180,Central,TEC-AC-10004708,Technology,Accessories,Sony 32GB Class 10 Micro SDHC R40 Memory Card,41.9,2,0,8.799
398,CA-2019-122259,10/31/2019,11/4/2019,Standard Class,HP-14815,Harold Pawlan,Home Office,United States,Jackson,Michigan,49201,Central,OFF-SU-10002573,Office Supplies,Supplies,"Acme 10"" Easy Grip Assistive Scissors",70.12,4,0,21.036
426,CA-2021-149160,11/23/2021,11/26/2021,Second Class,JM-15265,Janet Molinari,Corporate,United States,Canton,Michigan,48187,Central,FUR-FU-10003347,Furniture,Furnishings,Coloredge Poster Frame,28.4,2,0,11.076
427,CA-2021-149160,11/23/2021,11/26/2021,Second Class,JM-15265,Janet Molinari,Corporate,United States,Canton,Michigan,48187,Central,OFF-BI-10001543,Office Supplies,Binders,GBC VeloBinder Manual Binding System,287.92,8,0,138.2016
441,CA-2020-115756,9/5/2020,9/7/2020,Second Class,PK-19075,Pete Kriz,Consumer,United States,Detroit,Michigan,48227,Central,FUR-FU-10000246,Furniture,Furnishings,Aluminum Document Frame,12.22,1,0,3.666
442,CA-2020-115756,9/5/2020,9/7/2020,Second Class,PK-19075,Pete Kriz,Consumer,United States,Detroit,Michigan,48227,Central,OFF-ST-10000060,Office Supplies,Storage,Fellowes Bankers Box Staxonsteel Drawer File/Stacking System,194.94,3,0,23.3928
443,CA-2020-115756,9/5/2020,9/7/2020,Second Class,PK-19075,Pete Kriz,Consumer,United States,Detroit,Michigan,48227,Central,OFF-ST-10003058,Office Supplies,Storage,Eldon Mobile Mega Data Cart  Mega Stackable  Add-On Trays,70.95,3,0,20.5755
444,CA-2020-115756,9/5/2020,9/7/2020,Second Class,PK-19075,Pete Kriz,Consumer,United States,Detroit,Michigan,48227,Central,OFF-PA-10002222,Office Supplies,Paper,"Xerox Color Copier Paper, 11"" x 17"", Ream",91.36,4,0,42.0256
445,CA-2020-115756,9/5/2020,9/7/2020,Second Class,PK-19075,Pete Kriz,Consumer,United States,Detroit,Michigan,48227,Central,FUR-CH-10002372,Furniture,Chairs,Office Star - Ergonomically Designed Knee Chair,242.94,3,0,29.1528
446,CA-2020-115756,9/5/2020,9/7/2020,Second Class,PK-19075,Pete Kriz,Consumer,United States,Detroit,Michigan,48227,Central,OFF-LA-10001317,Office Supplies,Labels,Avery 520,22.05,7,0,10.584
523,CA-2021-145142,1/23/2021,1/25/2021,First Class,MC-17605,Matt Connell,Corporate,United States,Detroit,Michigan,48234,Central,FUR-TA-10001857,Furniture,Tables,Balt Solid Wood Rectangular Table,210.98,2,0,21.098
623,CA-2019-138009,11/29/2019,12/3/2019,Standard Class,SF-20965,Sylvia Foulston,Corporate,United States,Dearborn,Michigan,48126,Central,FUR-CH-10004853,Furniture,Chairs,"Global Manager's Adjustable Task Chair, Storm",301.96,2,0,87.5684
624,CA-2019-138009,11/29/2019,12/3/2019,Standard Class,SF-20965,Sylvia Foulston,Corporate,United States,Dearborn,Michigan,48126,Central,OFF-AP-10000179,Office Supplies,Appliances,Honeywell Enviracaire Portable HEPA Air Cleaner for up to 10 x 16 Room,555.21,5,0.1,178.901
625,CA-2019-138009,11/29/2019,12/3/2019,Standard Class,SF-20965,Sylvia Foulston,Corporate,United States,Dearborn,Michigan,48126,Central,OFF-ST-10001272,Office Supplies,Storage,"Mini 13-1/2 Capacity Data Binder Rack, Pearl",523.48,4,0,130.87
626,CA-2019-138009,11/29/2019,12/3/2019,Standard Class,SF-20965,Sylvia Foulston,Corporate,United States,Dearborn,Michigan,48126,Central,OFF-AR-10004042,Office Supplies,Art,"BOSTON Model 1800 Electric Pencil Sharpeners, Putty/Woodgrain",161.82,9,0,46.9278
644,CA-2021-106103,6/10/2021,6/15/2021,Standard Class,SC-20305,Sean Christensen,Consumer,United States,Rochester Hills,Michigan,48307,Central,TEC-AC-10003832,Technology,Accessories,Imation 16GB Mini TravelDrive USB 2.0 Flash Drive,132.52,4,0,54.3332
722,CA-2020-142335,12/15/2020,12/19/2020,Standard Class,MP-17965,Michael Paige,Corporate,United States,Detroit,Michigan,48205,Central,FUR-TA-10000198,Furniture,Tables,Chromcraft Bull-Nose Wood Oval Conference Tables & Bases,1652.94,3,0,231.4116
723,CA-2020-142335,12/15/2020,12/19/2020,Standard Class,MP-17965,Michael Paige,Corporate,United States,Detroit,Michigan,48205,Central,OFF-ST-10000036,Office Supplies,Storage,"Recycled Data-Pak for Archival Bound Computer Printouts, 12-1/2 x 12-1/2 x 16",296.37,3,0,80.0199
750,CA-2021-126074,10/2/2021,10/6/2021,Standard Class,RF-19735,Roland Fjeld,Consumer,United States,Trenton,Michigan,48183,Central,OFF-BI-10003638,Office Supplies,Binders,GBC Durable Plastic Covers,58.05,3,0,26.703
751,CA-2021-126074,10/2/2021,10/6/2021,Standard Class,RF-19735,Roland Fjeld,Consumer,United States,Trenton,Michigan,48183,Central,FUR-FU-10003577,Furniture,Furnishings,Nu-Dell Leatherette Frames,157.74,11,0,56.7864
752,CA-2021-126074,10/2/2021,10/6/2021,Standard Class,RF-19735,Roland Fjeld,Consumer,United States,Trenton,Michigan,48183,Central,OFF-AR-10003478,Office Supplies,Art,"Avery Hi-Liter EverBold Pen Style Fluorescent Highlighters, 4/Pack",56.98,7,0,22.792
753,CA-2021-126074,10/2/2021,10/6/2021,Standard Class,RF-19735,Roland Fjeld,Consumer,United States,Trenton,Michigan,48183,Central,OFF-BI-10000546,Office Supplies,Binders,Avery Durable Binders,2.88,1,0,1.4112
884,CA-2020-165148,10/22/2020,10/24/2020,First Class,PM-19135,Peter McVee,Home Office,United States,Detroit,Michigan,48227,Central,FUR-FU-10000732,Furniture,Furnishings,Eldon 200 Class Desk Accessories,31.4,5,0,10.048
892,CA-2021-133256,6/26/2021,6/27/2021,First Class,TH-21550,Tracy Hopkins,Home Office,United States,Detroit,Michigan,48227,Central,OFF-PA-10001622,Office Supplies,Paper,"Ampad Poly Cover Wirebound Steno Book, 6"" x 9"" Assorted Colors, Gregg Ruled",4.54,1,0,2.043
893,CA-2021-133256,6/26/2021,6/27/2021,First Class,TH-21550,Tracy Hopkins,Home Office,United States,Detroit,Michigan,48227,Central,OFF-AR-10003158,Office Supplies,Art,Fluorescent Highlighters by Dixon,15.92,4,0,5.4128
894,CA-2021-133256,6/26/2021,6/27/2021,First Class,TH-21550,Tracy Hopkins,Home Office,United States,Detroit,Michigan,48227,Central,TEC-PH-10002660,Technology,Phones,Nortel Networks T7316 E Nt8 B27,543.92,8,0,135.98
898,CA-2018-144407,9/9/2018,9/15/2018,Standard Class,MS-17365,Maribeth Schnelling,Consumer,United States,Detroit,Michigan,48227,Central,OFF-LA-10003923,Office Supplies,Labels,Alphabetical Labels for Top Tab Filing,103.6,7,0,51.8
910,CA-2021-137596,9/2/2021,9/7/2021,Standard Class,BE-11335,Bill Eplett,Home Office,United States,Jackson,Michigan,49201,Central,TEC-PH-10001494,Technology,Phones,Polycom CX600 IP Phone VoIP phone,1199.8,4,0,323.946
911,CA-2021-137596,9/2/2021,9/7/2021,Standard Class,BE-11335,Bill Eplett,Home Office,United States,Jackson,Michigan,49201,Central,TEC-AC-10004666,Technology,Accessories,Maxell iVDR EX 500GB Cartridge,1928.78,7,0,829.3754
912,CA-2021-137596,9/2/2021,9/7/2021,Standard Class,BE-11335,Bill Eplett,Home Office,United States,Jackson,Michigan,49201,Central,OFF-ST-10003816,Office Supplies,Storage,Fellowes High-Stak Drawer Files,352.38,2,0,81.0474
978,CA-2021-159366,1/7/2021,1/10/2021,First Class,BW-11110,Bart Watters,Corporate,United States,Detroit,Michigan,48205,Central,TEC-MA-10000822,Technology,Machines,Lexmark MX611dhe Monochrome Laser Printer,3059.982,2,0.1,679.996
1081,CA-2019-110016,11/29/2019,12/4/2019,Standard Class,BT-11395,Bill Tyler,Corporate,United States,Detroit,Michigan,48227,Central,OFF-PA-10000349,Office Supplies,Paper,Easy-staple paper,19.92,4,0,9.3624
1082,CA-2019-110016,11/29/2019,12/4/2019,Standard Class,BT-11395,Bill Tyler,Corporate,United States,Detroit,Michigan,48227,Central,FUR-CH-10002880,Furniture,Chairs,"Global High-Back Leather Tilter, Burgundy",1106.91,9,0,121.7601
1147,CA-2019-112452,4/4/2019,4/4/2019,Same Day,NC-18340,Nat Carroll,Consumer,United States,Lansing,Michigan,48911,Central,OFF-AP-10003849,Office Supplies,Appliances,Hoover Shoulder Vac Commercial Portable Vacuum,644.076,2,0.1,107.346
1148,CA-2019-112452,4/4/2019,4/4/2019,Same Day,NC-18340,Nat Carroll,Consumer,United States,Lansing,Michigan,48911,Central,OFF-FA-10000735,Office Supplies,Fasteners,Staples,5.84,2,0,2.628
1149,CA-2019-112452,4/4/2019,4/4/2019,Same Day,NC-18340,Nat Carroll,Consumer,United States,Lansing,Michigan,48911,Central,OFF-BI-10003350,Office Supplies,Binders,Acco Expandable Hanging Binders,12.76,2,0,5.8696
1150,CA-2019-112452,4/4/2019,4/4/2019,Same Day,NC-18340,Nat Carroll,Consumer,United States,Lansing,Michigan,48911,Central,TEC-PH-10000307,Technology,Phones,Shocksock Galaxy S4 Armband,10.95,1,0,0.438
1151,CA-2019-112452,4/4/2019,4/4/2019,Same Day,NC-18340,Nat Carroll,Consumer,United States,Lansing,Michigan,48911,Central,TEC-CO-10004202,Technology,Copiers,Brother DCP1000 Digital 3 in 1 Multifunction Machine,599.98,2,0,209.993
1166,CA-2018-117709,5/4/2018,5/8/2018,Standard Class,PM-18940,Paul MacIntyre,Consumer,United States,Jackson,Michigan,49201,Central,OFF-BI-10001294,Office Supplies,Binders,Fellowes Binding Cases,46.8,4,0,21.06
1172,US-2018-100279,3/10/2018,3/14/2018,Standard Class,SW-20275,Scott Williamson,Consumer,United States,Royal Oak,Michigan,48073,Central,OFF-PA-10002259,Office Supplies,Paper,"Geographics Note Cards, Blank, White, 8 1/2"" x 11""",22.38,2,0,10.7424
1469,CA-2021-139199,12/9/2021,12/13/2021,Standard Class,DK-12835,Damala Kotsonis,Corporate,United States,Detroit,Michigan,48234,Central,FUR-CH-10000847,Furniture,Chairs,Global Executive Mid-Back Manager's Chair,872.94,3,0,226.9644
1470,CA-2021-139199,12/9/2021,12/13/2021,Standard Class,DK-12835,Damala Kotsonis,Corporate,United States,Detroit,Michigan,48234,Central,OFF-BI-10003982,Office Supplies,Binders,Wilson Jones Century Plastic Molded Ring Binders,41.54,2,0,19.5238
1471,CA-2021-139199,12/9/2021,12/13/2021,Standard Class,DK-12835,Damala Kotsonis,Corporate,United States,Detroit,Michigan,48234,Central,OFF-PA-10001293,Office Supplies,Paper,Xerox 1946,12.96,2,0,6.2208
1902,CA-2020-151141,8/20/2020,8/23/2020,First Class,DW-13480,Dianna Wilson,Home Office,United States,Detroit,Michigan,48205,Central,TEC-PH-10004924,Technology,Phones,"SKILCRAFT Telephone Shoulder Rest, 2"" x 6.5"" x 2.5"", Black",14.78,2,0,3.9906
1919,CA-2019-123673,10/30/2019,11/1/2019,Second Class,CH-12070,Cathy Hwang,Home Office,United States,Detroit,Michigan,48227,Central,TEC-PH-10001809,Technology,Phones,Panasonic KX T7736-B Digital phone,299.9,2,0,74.975
2056,CA-2021-120376,12/22/2021,12/25/2021,First Class,TP-21130,Theone Pippenger,Consumer,United States,Detroit,Michigan,48227,Central,TEC-AC-10001114,Technology,Accessories,Microsoft Wireless Mobile Mouse 4000,199.95,5,0,63.984
2057,CA-2021-120376,12/22/2021,12/25/2021,First Class,TP-21130,Theone Pippenger,Consumer,United States,Detroit,Michigan,48227,Central,FUR-CH-10002335,Furniture,Chairs,Hon GuestStacker Chair,1586.69,7,0,412.5394
2058,CA-2021-120376,12/22/2021,12/25/2021,First Class,TP-21130,Theone Pippenger,Consumer,United States,Detroit,Michigan,48227,Central,TEC-AC-10000844,Technology,Accessories,Logitech Gaming G510s - Keyboard,84.99,1,0,30.5964
2059,CA-2021-120376,12/22/2021,12/25/2021,First Class,TP-21130,Theone Pippenger,Consumer,United States,Detroit,Michigan,48227,Central,FUR-TA-10004534,Furniture,Tables,Bevis 44 x 96 Conference Tables,411.8,2,0,70.006
2123,CA-2021-167381,9/22/2021,9/24/2021,Second Class,EH-14005,Erica Hernandez,Home Office,United States,Lansing,Michigan,48911,Central,FUR-BO-10001972,Furniture,Bookcases,O'Sullivan 4-Shelf Bookcase in Odessa Pine,241.96,2,0,41.1332
2124,CA-2021-167381,9/22/2021,9/24/2021,Second Class,EH-14005,Erica Hernandez,Home Office,United States,Lansing,Michigan,48911,Central,OFF-LA-10000134,Office Supplies,Labels,Avery 511,27.72,9,0,13.3056
2212,CA-2020-162313,11/27/2020,11/30/2020,First Class,VB-21745,Victoria Brennan,Corporate,United States,Lincoln Park,Michigan,48146,Central,OFF-AP-10003842,Office Supplies,Appliances,Euro-Pro Shark Turbo Vacuum,167.292,6,0.1,29.7408
2301,CA-2018-162362,11/14/2018,11/18/2018,Standard Class,JL-15505,Jeremy Lonsdale,Consumer,United States,Midland,Michigan,48640,Central,OFF-BI-10000756,Office Supplies,Binders,Storex DuraTech Recycled Plastic Frosted Binders,12.72,3,0,6.36
2302,CA-2018-162362,11/14/2018,11/18/2018,Standard Class,JL-15505,Jeremy Lonsdale,Consumer,United States,Midland,Michigan,48640,Central,OFF-BI-10000546,Office Supplies,Binders,Avery Durable Binders,11.52,4,0,5.6448
2680,CA-2021-127026,1/21/2021,1/27/2021,Standard Class,MH-18115,Mick Hernandez,Home Office,United States,Jackson,Michigan,49201,Central,OFF-BI-10000546,Office Supplies,Binders,Avery Durable Binders,14.4,5,0,7.056
2681,CA-2021-127026,1/21/2021,1/27/2021,Standard Class,MH-18115,Mick Hernandez,Home Office,United States,Jackson,Michigan,49201,Central,TEC-AC-10002049,Technology,Accessories,Logitech G19 Programmable Gaming Keyboard,619.95,5,0,111.591
2682,CA-2021-127026,1/21/2021,1/27/2021,Standard Class,MH-18115,Mick Hernandez,Home Office,United States,Jackson,Michigan,49201,Central,OFF-BI-10001196,Office Supplies,Binders,"Avery Flip-Chart Easel Binder, Black",89.52,4,0,42.0744
2683,CA-2021-127026,1/21/2021,1/27/2021,Standard Class,MH-18115,Mick Hernandez,Home Office,United States,Jackson,Michigan,49201,Central,TEC-MA-10002981,Technology,Machines,I.R.I.S IRISCard Anywhere 5 Card Scanner,350.973,3,0.1,152.0883
2684,CA-2021-127026,1/21/2021,1/27/2021,Standard Class,MH-18115,Mick Hernandez,Home Office,United States,Jackson,Michigan,49201,Central,TEC-PH-10003601,Technology,Phones,"Ativa D5772 2-Line 5.8GHz Digital Expandable Corded/Cordless Phone System with Answering & Caller ID/Call Waiting, Black/Silver",164.99,1,0,49.497
2774,CA-2020-131576,11/22/2020,11/26/2020,Standard Class,RD-19585,Rob Dowd,Consumer,United States,Detroit,Michigan,48205,Central,OFF-BI-10002852,Office Supplies,Binders,Ibico Standard Transparent Covers,49.44,3,0,24.2256
2783,CA-2020-139878,11/11/2020,11/16/2020,Standard Class,LD-17005,Lisa DeCherney,Consumer,United States,Detroit,Michigan,48234,Central,TEC-PH-10001336,Technology,Phones,Digium D40 VoIP phone,257.98,2,0,74.8142
2924,CA-2018-156993,6/28/2018,7/4/2018,Standard Class,RW-19630,Rob Williams,Corporate,United States,Detroit,Michigan,48234,Central,OFF-FA-10003495,Office Supplies,Fasteners,Staples,6.08,1,0,3.04
2930,CA-2021-143434,11/18/2021,11/24/2021,Standard Class,ME-17320,Maria Etezadi,Home Office,United States,Saginaw,Michigan,48601,Central,FUR-FU-10002597,Furniture,Furnishings,"C-Line Magnetic Cubicle Keepers, Clear Polypropylene",19.76,4,0,8.2992
2994,CA-2021-147291,3/11/2021,3/17/2021,Standard Class,MJ-17740,Max Jones,Consumer,United States,Detroit,Michigan,48227,Central,OFF-BI-10003091,Office Supplies,Binders,GBC DocuBind TL200 Manual Binding Machine,895.92,4,0,421.0824
3003,CA-2019-130610,7/5/2019,7/10/2019,Standard Class,VP-21730,Victor Preis,Home Office,United States,Sterling Heights,Michigan,48310,Central,OFF-BI-10003655,Office Supplies,Binders,Durable Pressboard Binders,19,5,0,8.93
3031,CA-2019-168480,9/21/2019,9/27/2019,Standard Class,DM-12955,Dario Medina,Corporate,United States,Lincoln Park,Michigan,48146,Central,FUR-BO-10000468,Furniture,Bookcases,O'Sullivan 2-Shelf Heavy-Duty Bookcases,194.32,4,0,31.0912
3032,CA-2019-168480,9/21/2019,9/27/2019,Standard Class,DM-12955,Dario Medina,Corporate,United States,Lincoln Park,Michigan,48146,Central,OFF-AR-10001044,Office Supplies,Art,"BOSTON Ranger #55 Pencil Sharpener, Black",25.99,1,0,7.5371
3054,CA-2020-128517,4/9/2020,4/14/2020,Second Class,SW-20350,Sean Wendt,Home Office,United States,Detroit,Michigan,48227,Central,TEC-PH-10002555,Technology,Phones,Nortel Meridian M5316 Digital phone,517.9,2,0,134.654
3055,CA-2020-128517,4/9/2020,4/14/2020,Second Class,SW-20350,Sean Wendt,Home Office,United States,Detroit,Michigan,48227,Central,OFF-BI-10000831,Office Supplies,Binders,Storex Flexible Poly Binders with Double Pockets,5.28,2,0,2.4288
3168,CA-2020-146682,10/29/2020,10/31/2020,First Class,KW-16435,Katrina Willman,Consumer,United States,Lansing,Michigan,48911,Central,FUR-FU-10002671,Furniture,Furnishings,Electrix 20W Halogen Replacement Bulb for Zoom-In Desk Lamp,67,5,0,32.16
3175,CA-2021-157483,11/11/2021,11/18/2021,Standard Class,EP-13915,Emily Phan,Consumer,United States,Detroit,Michigan,48227,Central,OFF-AR-10004260,Office Supplies,Art,Boston 1799 Powerhouse Electric Pencil Sharpener,181.86,7,0,50.9208
3251,CA-2020-157868,12/23/2020,12/29/2020,Standard Class,MC-17590,Matt Collister,Corporate,United States,Grand Rapids,Michigan,49505,Central,OFF-FA-10000992,Office Supplies,Fasteners,"Acco Clips to Go Binder Clips, 24 Clips in Two Sizes",24.85,7,0,11.6795
3292,CA-2020-167290,10/30/2020,11/4/2020,Standard Class,JF-15295,Jason Fortune-,Consumer,United States,Sterling Heights,Michigan,48310,Central,OFF-AR-10004078,Office Supplies,Art,Newell 312,11.68,2,0,3.504
3474,CA-2021-111815,3/3/2021,3/10/2021,Standard Class,EP-13915,Emily Phan,Consumer,United States,Dearborn Heights,Michigan,48127,Central,FUR-CH-10000785,Furniture,Chairs,Global Ergonomic Managers Chair,180.98,1,0,47.0548
3475,CA-2021-111815,3/3/2021,3/10/2021,Standard Class,EP-13915,Emily Phan,Consumer,United States,Dearborn Heights,Michigan,48127,Central,TEC-AC-10002926,Technology,Accessories,Logitech Wireless Marathon Mouse M705,99.98,2,0,42.9914
3583,CA-2019-121650,12/10/2019,12/16/2019,Standard Class,KD-16495,Keith Dawkins,Corporate,United States,Jackson,Michigan,49201,Central,OFF-AR-10001149,Office Supplies,Art,"Avery Hi-Liter Comfort Grip Fluorescent Highlighter, Yellow Ink",3.9,2,0,1.521
3584,CA-2019-121650,12/10/2019,12/16/2019,Standard Class,KD-16495,Keith Dawkins,Corporate,United States,Jackson,Michigan,49201,Central,FUR-TA-10003569,Furniture,Tables,Bretford CR8500 Series Meeting Room Furniture,801.96,2,0,200.49
3585,CA-2019-121650,12/10/2019,12/16/2019,Standard Class,KD-16495,Keith Dawkins,Corporate,United States,Jackson,Michigan,49201,Central,FUR-CH-10004289,Furniture,Chairs,Global Super Steno Chair,191.96,2,0,32.6332
3586,CA-2019-121650,12/10/2019,12/16/2019,Standard Class,KD-16495,Keith Dawkins,Corporate,United States,Jackson,Michigan,49201,Central,OFF-LA-10001045,Office Supplies,Labels,Permanent Self-Adhesive File Folder Labels for Typewriters by Universal,2.61,1,0,1.2006
3651,CA-2021-109960,12/9/2021,12/11/2021,Second Class,DB-13210,Dean Braden,Consumer,United States,Detroit,Michigan,48234,Central,TEC-AC-10004859,Technology,Accessories,"Maxell Pro 80 Minute CD-R, 10/Pack",104.88,6,0,41.952
3652,CA-2021-109960,12/9/2021,12/11/2021,Second Class,DB-13210,Dean Braden,Consumer,United States,Detroit,Michigan,48234,Central,OFF-AR-10001860,Office Supplies,Art,BIC Liqua Brite Liner,34.7,5,0,12.492
3653,CA-2021-109960,12/9/2021,12/11/2021,Second Class,DB-13210,Dean Braden,Consumer,United States,Detroit,Michigan,48234,Central,OFF-BI-10001636,Office Supplies,Binders,Ibico Plastic and Wire Spiral Binding Combs,33.72,4,0,15.5112
3654,CA-2021-109960,12/9/2021,12/11/2021,Second Class,DB-13210,Dean Braden,Consumer,United States,Detroit,Michigan,48234,Central,OFF-PA-10000349,Office Supplies,Paper,Easy-staple paper,14.94,3,0,7.0218
3662,CA-2020-155005,6/13/2020,6/15/2020,Second Class,SC-20050,Sample Company A,Home Office,United States,Jackson,Michigan,49201,Central,TEC-PH-10003484,Technology,Phones,Ooma Telo VoIP Home Phone System,377.97,3,0,94.4925
3739,CA-2020-133340,12/9/2020,12/13/2020,Standard Class,LH-17155,Logan Haushalter,Consumer,United States,Jackson,Michigan,49201,Central,TEC-PH-10003988,Technology,Phones,"LF Elite 3D Dazzle Designer Hard Case Cover, Lf Stylus Pen and Wiper For Apple Iphone 5c Mini Lite",10.9,1,0,3.052
3740,CA-2020-133340,12/9/2020,12/13/2020,Standard Class,LH-17155,Logan Haushalter,Consumer,United States,Jackson,Michigan,49201,Central,TEC-AC-10001109,Technology,Accessories,Logitech Trackman Marble Mouse,59.98,2,0,25.1916
3741,CA-2020-133340,12/9/2020,12/13/2020,Standard Class,LH-17155,Logan Haushalter,Consumer,United States,Jackson,Michigan,49201,Central,OFF-AP-10002311,Office Supplies,Appliances,"Holmes Replacement Filter for HEPA Air Cleaner, Very Large Room, HEPA Filter",61.929,1,0.1,23.3954
3828,CA-2021-141733,5/7/2021,5/11/2021,Standard Class,RW-19540,Rick Wilson,Corporate,United States,Detroit,Michigan,48234,Central,FUR-CH-10004086,Furniture,Chairs,Hon 4070 Series Pagoda Armless Upholstered Stacking Chairs,1458.65,5,0,423.0085
3829,CA-2021-141733,5/7/2021,5/11/2021,Standard Class,RW-19540,Rick Wilson,Corporate,United States,Detroit,Michigan,48234,Central,FUR-CH-10002017,Furniture,Chairs,SAFCO Optional Arm Kit for Workspace Cribbage Stacking Chair,26.64,1,0,7.4592
3830,CA-2021-141733,5/7/2021,5/11/2021,Standard Class,RW-19540,Rick Wilson,Corporate,United States,Detroit,Michigan,48234,Central,FUR-CH-10000595,Furniture,Chairs,Safco Contoured Stacking Chairs,476.8,2,0,119.2
3831,CA-2021-141733,5/7/2021,5/11/2021,Standard Class,RW-19540,Rick Wilson,Corporate,United States,Detroit,Michigan,48234,Central,OFF-AP-10001563,Office Supplies,Appliances,Belkin Premiere Surge Master II 8-outlet surge protector,87.444,2,0.1,18.4604
3848,CA-2021-129000,11/25/2021,11/27/2021,Second Class,SZ-20035,Sam Zeldin,Home Office,United States,Canton,Michigan,48187,Central,OFF-ST-10001097,Office Supplies,Storage,Office Impressions Heavy Duty Welded Shelving & Multimedia Storage Drawers,501.81,3,0,0
3955,CA-2018-133228,4/4/2018,4/9/2018,Standard Class,MS-17710,Maurice Satty,Consumer,United States,Detroit,Michigan,48205,Central,FUR-FU-10004020,Furniture,Furnishings,Advantus Panel Wall Acrylic Frame,5.47,1,0,2.3521
3956,CA-2018-133228,4/4/2018,4/9/2018,Standard Class,MS-17710,Maurice Satty,Consumer,United States,Detroit,Michigan,48205,Central,OFF-AR-10001955,Office Supplies,Art,Newell 319,79.36,4,0,23.808
3961,CA-2019-113901,10/19/2019,10/24/2019,Standard Class,NH-18610,Nicole Hansen,Corporate,United States,Detroit,Michigan,48227,Central,OFF-BI-10001249,Office Supplies,Binders,Avery Heavy-Duty EZD View Binder with Locking Rings,38.28,6,0,17.6088
3962,CA-2019-113901,10/19/2019,10/24/2019,Standard Class,NH-18610,Nicole Hansen,Corporate,United States,Detroit,Michigan,48227,Central,TEC-PH-10002564,Technology,Phones,OtterBox Defender Series Case - Samsung Galaxy S4,149.95,5,0,44.985
3972,CA-2019-132374,2/22/2019,2/24/2019,Second Class,PS-19045,Penelope Sewall,Home Office,United States,Sterling Heights,Michigan,48310,Central,OFF-AR-10001615,Office Supplies,Art,Newell 34,79.36,4,0,20.6336
4110,CA-2019-153717,12/25/2019,1/1/2020,Standard Class,DL-13495,Dionis Lloyd,Corporate,United States,Detroit,Michigan,48227,Central,TEC-PH-10002923,Technology,Phones,"Logitech B530 USB Headset - headset - Full size, Binaural",73.98,2,0,19.9746
4111,CA-2019-153717,12/25/2019,1/1/2020,Standard Class,DL-13495,Dionis Lloyd,Corporate,United States,Detroit,Michigan,48227,Central,FUR-BO-10004360,Furniture,Bookcases,Rush Hierlooms Collection Rich Wood Bookcases,160.98,1,0,20.9274
4112,CA-2019-153717,12/25/2019,1/1/2020,Standard Class,DL-13495,Dionis Lloyd,Corporate,United States,Detroit,Michigan,48227,Central,OFF-PA-10002160,Office Supplies,Paper,Xerox 1978,17.34,3,0,8.4966
4113,CA-2019-153717,12/25/2019,1/1/2020,Standard Class,DL-13495,Dionis Lloyd,Corporate,United States,Detroit,Michigan,48227,Central,OFF-AR-10002375,Office Supplies,Art,Newell 351,3.28,1,0,0.9512
4143,US-2018-107699,5/19/2018,5/23/2018,Standard Class,JH-15820,John Huston,Consumer,United States,Midland,Michigan,48640,Central,OFF-BI-10001249,Office Supplies,Binders,Avery Heavy-Duty EZD View Binder with Locking Rings,57.42,9,0,26.4132
4240,CA-2021-158673,12/29/2021,1/4/2022,Standard Class,KB-16600,Ken Brennan,Corporate,United States,Grand Rapids,Michigan,49505,Central,OFF-PA-10000994,Office Supplies,Paper,Xerox 1915,209.7,2,0,100.656
4418,CA-2021-112900,4/9/2021,4/12/2021,Second Class,KL-16645,Ken Lonsdale,Consumer,United States,Detroit,Michigan,48205,Central,OFF-BI-10002867,Office Supplies,Binders,GBC Recycled Regency Composition Covers,478.24,8,0,219.9904
4441,US-2020-111290,7/22/2020,7/26/2020,Standard Class,DK-13375,Dennis Kane,Consumer,United States,Westland,Michigan,48185,Central,TEC-AC-10004975,Technology,Accessories,Plantronics Audio 995 Wireless Stereo Headset,109.95,1,0,36.2835
4442,US-2020-111290,7/22/2020,7/26/2020,Standard Class,DK-13375,Dennis Kane,Consumer,United States,Westland,Michigan,48185,Central,OFF-ST-10001932,Office Supplies,Storage,Fellowes Staxonsteel Drawer Files,965.85,5,0,135.219
4443,US-2020-111290,7/22/2020,7/26/2020,Standard Class,DK-13375,Dennis Kane,Consumer,United States,Westland,Michigan,48185,Central,OFF-AR-10001761,Office Supplies,Art,Avery Hi-Liter Smear-Safe Highlighters,29.2,5,0,10.512
4444,US-2020-111290,7/22/2020,7/26/2020,Standard Class,DK-13375,Dennis Kane,Consumer,United States,Westland,Michigan,48185,Central,OFF-PA-10002262,Office Supplies,Paper,Xerox 192,32.4,5,0,15.552
4574,CA-2020-139395,12/12/2020,12/18/2020,Standard Class,MG-17650,Matthew Grinstein,Home Office,United States,Jackson,Michigan,49201,Central,TEC-PH-10002103,Technology,Phones,Jabra SPEAK 410,657.93,7,0,184.2204
4575,CA-2020-139395,12/12/2020,12/18/2020,Standard Class,MG-17650,Matthew Grinstein,Home Office,United States,Jackson,Michigan,49201,Central,FUR-FU-10003724,Furniture,Furnishings,Westinghouse Clip-On Gooseneck Lamps,33.48,4,0,8.7048
4576,CA-2020-139395,12/12/2020,12/18/2020,Standard Class,MG-17650,Matthew Grinstein,Home Office,United States,Jackson,Michigan,49201,Central,OFF-AR-10003732,Office Supplies,Art,Newell 333,13.9,5,0,3.614
4577,CA-2020-139395,12/12/2020,12/18/2020,Standard Class,MG-17650,Matthew Grinstein,Home Office,United States,Jackson,Michigan,49201,Central,OFF-ST-10000885,Office Supplies,Storage,Fellowes Desktop Hanging File Manager,26.86,2,0,6.715
4631,US-2019-126235,10/15/2019,10/15/2019,Same Day,GA-14725,Guy Armstrong,Consumer,United States,Mount Pleasant,Michigan,48858,Central,FUR-FU-10000719,Furniture,Furnishings,"DAX Cubicle Frames, 8-1/2 x 11",17.14,2,0,6.1704
4672,CA-2020-133550,7/31/2020,8/6/2020,Standard Class,KL-16645,Ken Lonsdale,Consumer,United States,Detroit,Michigan,48205,Central,OFF-AP-10001005,Office Supplies,Appliances,Honeywell Quietcare HEPA Air Cleaner,283.14,4,0.1,72.358
4673,CA-2020-133550,7/31/2020,8/6/2020,Standard Class,KL-16645,Ken Lonsdale,Consumer,United States,Detroit,Michigan,48205,Central,TEC-PH-10004042,Technology,Phones,ClearOne Communications CHAT 70 OC Speaker Phone,635.96,4,0,165.3496
4674,CA-2020-133550,7/31/2020,8/6/2020,Standard Class,KL-16645,Ken Lonsdale,Consumer,United States,Detroit,Michigan,48205,Central,TEC-PH-10001079,Technology,Phones,Polycom SoundPoint Pro SE-225 Corded phone,118.99,1,0,33.3172
4675,CA-2020-133550,7/31/2020,8/6/2020,Standard Class,KL-16645,Ken Lonsdale,Consumer,United States,Detroit,Michigan,48205,Central,FUR-FU-10002918,Furniture,Furnishings,Eldon ClusterMat Chair Mat with Cordless Antistatic Protection,272.94,3,0,30.0234
4695,US-2019-138121,12/17/2019,12/17/2019,Same Day,JL-15835,John Lee,Consumer,United States,Detroit,Michigan,48205,Central,OFF-BI-10000320,Office Supplies,Binders,GBC Plastic Binding Combs,29.52,4,0,14.4648
4696,US-2019-138121,12/17/2019,12/17/2019,Same Day,JL-15835,John Lee,Consumer,United States,Detroit,Michigan,48205,Central,FUR-CH-10003846,Furniture,Chairs,Hon Valutask Swivel Chairs,302.94,3,0,48.4704
4697,US-2019-138121,12/17/2019,12/17/2019,Same Day,JL-15835,John Lee,Consumer,United States,Detroit,Michigan,48205,Central,FUR-CH-10004875,Furniture,Chairs,Harbour Creations 67200 Series Stacking Chairs,142.36,2,0,38.4372
4698,US-2019-138121,12/17/2019,12/17/2019,Same Day,JL-15835,John Lee,Consumer,United States,Detroit,Michigan,48205,Central,FUR-CH-10003817,Furniture,Chairs,"Global Value Steno Chair, Gray",546.66,9,0,136.665
4699,US-2019-138121,12/17/2019,12/17/2019,Same Day,JL-15835,John Lee,Consumer,United States,Detroit,Michigan,48205,Central,FUR-FU-10002116,Furniture,Furnishings,"Tenex Carpeted, Granite-Look or Clear Contemporary Contour Shape Chair Mats",212.13,3,0,14.8491
4886,CA-2018-151379,12/16/2018,12/20/2018,Standard Class,SC-20695,Steve Chapman,Corporate,United States,Detroit,Michigan,48227,Central,OFF-PA-10000595,Office Supplies,Paper,Xerox 1929,114.2,5,0,52.532
4952,CA-2019-144190,6/9/2019,6/13/2019,Standard Class,NC-18415,Nathan Cano,Consumer,United States,Royal Oak,Michigan,48073,Central,OFF-PA-10000304,Office Supplies,Paper,Xerox 1995,12.96,2,0,6.2208
5069,CA-2018-124478,8/8/2018,8/12/2018,Standard Class,MA-17560,Matt Abelman,Home Office,United States,Trenton,Michigan,48183,Central,TEC-CO-10001571,Technology,Copiers,Sharp 1540cs Digital Laser Copier,549.99,1,0,274.995
5070,CA-2018-124478,8/8/2018,8/12/2018,Standard Class,MA-17560,Matt Abelman,Home Office,United States,Trenton,Michigan,48183,Central,OFF-AP-10002495,Office Supplies,Appliances,"Acco Smartsocket Table Surge Protector, 6 Color-Coded Adapter Outlets",167.535,3,0.1,37.23
5071,CA-2018-124478,8/8/2018,8/12/2018,Standard Class,MA-17560,Matt Abelman,Home Office,United States,Trenton,Michigan,48183,Central,OFF-EN-10002500,Office Supplies,Envelopes,Globe Weis Peel & Seel First Class Envelopes,38.34,3,0,17.253
5072,CA-2018-124478,8/8/2018,8/12/2018,Standard Class,MA-17560,Matt Abelman,Home Office,United States,Trenton,Michigan,48183,Central,FUR-FU-10002088,Furniture,Furnishings,Nu-Dell Float Frame 11 x 14 1/2,53.88,6,0,22.6296
5073,CA-2018-124478,8/8/2018,8/12/2018,Standard Class,MA-17560,Matt Abelman,Home Office,United States,Trenton,Michigan,48183,Central,TEC-PH-10001128,Technology,Phones,Motorola Droid Maxx,299.98,2,0,83.9944
5163,CA-2020-115378,11/18/2020,11/23/2020,Second Class,AJ-10945,Ashley Jarboe,Consumer,United States,Taylor,Michigan,48180,Central,FUR-CH-10000863,Furniture,Chairs,Novimex Swivel Fabric Task Chair,301.96,2,0,33.2156
5165,CA-2018-121006,11/10/2018,11/16/2018,Standard Class,SC-20020,Sam Craven,Consumer,United States,Midland,Michigan,48640,Central,OFF-AR-10001149,Office Supplies,Art,"Avery Hi-Liter Comfort Grip Fluorescent Highlighter, Yellow Ink",3.9,2,0,1.521
5166,CA-2018-121006,11/10/2018,11/16/2018,Standard Class,SC-20020,Sam Craven,Consumer,United States,Midland,Michigan,48640,Central,OFF-PA-10000130,Office Supplies,Paper,Xerox 199,12.84,3,0,5.778
5167,CA-2018-121006,11/10/2018,11/16/2018,Standard Class,SC-20020,Sam Craven,Consumer,United States,Midland,Michigan,48640,Central,OFF-PA-10002479,Office Supplies,Paper,Xerox 4200 Series MultiUse Premium Copy Paper (20Lb. and 84 Bright),15.84,3,0,7.128
5168,CA-2018-121006,11/10/2018,11/16/2018,Standard Class,SC-20020,Sam Craven,Consumer,United States,Midland,Michigan,48640,Central,FUR-CH-10004997,Furniture,Chairs,Hon Every-Day Series Multi-Task Chairs,563.94,3,0,112.788
5169,CA-2018-121006,11/10/2018,11/16/2018,Standard Class,SC-20020,Sam Craven,Consumer,United States,Midland,Michigan,48640,Central,OFF-ST-10004950,Office Supplies,Storage,Acco Perma 3000 Stacking Storage Drawers,62.94,3,0,11.9586
5170,CA-2018-121006,11/10/2018,11/16/2018,Standard Class,SC-20020,Sam Craven,Consumer,United States,Midland,Michigan,48640,Central,OFF-ST-10001490,Office Supplies,Storage,"Hot File 7-Pocket, Floor Stand",535.41,3,0,160.623
5171,CA-2020-122903,5/27/2020,5/29/2020,Second Class,LA-16780,Laura Armstrong,Corporate,United States,Detroit,Michigan,48205,Central,FUR-CH-10002024,Furniture,Chairs,HON 5400 Series Task Chairs for Big and Tall,3504.9,5,0,700.98
5172,CA-2020-122903,5/27/2020,5/29/2020,Second Class,LA-16780,Laura Armstrong,Corporate,United States,Detroit,Michigan,48205,Central,OFF-PA-10001790,Office Supplies,Paper,Xerox 1910,144.12,3,0,69.1776
5173,CA-2020-122903,5/27/2020,5/29/2020,Second Class,LA-16780,Laura Armstrong,Corporate,United States,Detroit,Michigan,48205,Central,OFF-PA-10000994,Office Supplies,Paper,Xerox 1915,314.55,3,0,150.984
5217,US-2021-159562,9/9/2021,9/15/2021,Standard Class,JB-16000,Joy Bell-,Consumer,United States,Roseville,Michigan,48066,Central,OFF-EN-10000461,Office Supplies,Envelopes,"#10- 4 1/8"" x 9 1/2"" Recycled Envelopes",17.48,2,0,8.2156
5220,CA-2021-145653,9/1/2021,9/1/2021,Same Day,CA-12775,Cynthia Arntzen,Consumer,United States,Detroit,Michigan,48205,Central,FUR-CH-10004875,Furniture,Chairs,Harbour Creations 67200 Series Stacking Chairs,498.26,7,0,134.5302
5221,CA-2018-140487,6/14/2018,6/20/2018,Standard Class,SR-20425,Sharelle Roach,Home Office,United States,Detroit,Michigan,48234,Central,FUR-BO-10000711,Furniture,Bookcases,"Hon Metal Bookcases, Gray",212.94,3,0,57.4938
5281,CA-2021-152709,10/7/2021,10/12/2021,Standard Class,DB-13210,Dean Braden,Consumer,United States,Detroit,Michigan,48234,Central,OFF-ST-10001837,Office Supplies,Storage,"SAFCO Mobile Desk Side File, Wire Frame",85.52,2,0,22.2352
5371,US-2021-136721,4/8/2021,4/12/2021,Standard Class,NH-18610,Nicole Hansen,Corporate,United States,Oak Park,Michigan,48237,Central,FUR-FU-10004665,Furniture,Furnishings,"3M Polarizing Task Lamp with Clamp Arm, Light Gray",273.96,2,0,71.2296
5372,US-2021-136721,4/8/2021,4/12/2021,Standard Class,NH-18610,Nicole Hansen,Corporate,United States,Oak Park,Michigan,48237,Central,FUR-FU-10004188,Furniture,Furnishings,Luxo Professional Combination Clamp-On Lamps,306.9,3,0,79.794
5635,CA-2019-134943,12/5/2019,12/6/2019,First Class,SU-20665,Stephanie Ulpright,Home Office,United States,Ann Arbor,Michigan,48104,Central,OFF-BI-10000666,Office Supplies,Binders,Surelock Post Binders,152.8,5,0,76.4
5638,CA-2021-113208,3/26/2021,4/2/2021,Standard Class,ML-18040,Michelle Lonsdale,Corporate,United States,Dearborn,Michigan,48126,Central,FUR-FU-10004245,Furniture,Furnishings,"Career Cubicle Clock, 8 1/4"", Black",60.84,3,0,23.1192
5679,CA-2020-143924,7/28/2020,8/3/2020,Standard Class,SC-20680,Steve Carroll,Home Office,United States,Holland,Michigan,49423,Central,OFF-FA-10000735,Office Supplies,Fasteners,Staples,20.44,7,0,9.198
5680,CA-2020-143924,7/28/2020,8/3/2020,Standard Class,SC-20680,Steve Carroll,Home Office,United States,Holland,Michigan,49423,Central,OFF-PA-10002120,Office Supplies,Paper,Xerox 1889,109.92,2,0,53.8608
5716,CA-2019-124107,10/9/2019,10/12/2019,Second Class,BM-11650,Brian Moss,Corporate,United States,Ann Arbor,Michigan,48104,Central,TEC-AC-10002049,Technology,Accessories,Logitech G19 Programmable Gaming Keyboard,619.95,5,0,111.591
5717,CA-2019-124107,10/9/2019,10/12/2019,Second Class,BM-11650,Brian Moss,Corporate,United States,Ann Arbor,Michigan,48104,Central,TEC-PH-10003875,Technology,Phones,KLD Oscar II Style Snap-on Ultra Thin Side Flip Synthetic Leather Cover Case for HTC One HTC M7,29.16,3,0,8.4564
5718,CA-2019-124107,10/9/2019,10/12/2019,Second Class,BM-11650,Brian Moss,Corporate,United States,Ann Arbor,Michigan,48104,Central,OFF-EN-10003286,Office Supplies,Envelopes,Staple envelope,57.96,7,0,27.2412
5719,CA-2019-124107,10/9/2019,10/12/2019,Second Class,BM-11650,Brian Moss,Corporate,United States,Ann Arbor,Michigan,48104,Central,OFF-AP-10003971,Office Supplies,Appliances,Belkin 6 Outlet Metallic Surge Strip,29.403,3,0.1,5.2272
6219,CA-2020-160220,10/20/2020,10/26/2020,Standard Class,JS-16030,Joy Smith,Consumer,United States,Trenton,Michigan,48183,Central,TEC-PH-10001300,Technology,Phones,"iKross Bluetooth Portable Keyboard + Cell Phone Stand Holder + Brush for Apple iPhone 5S 5C 5, 4S 4",125.7,6,0,35.196
6220,CA-2020-160220,10/20/2020,10/26/2020,Standard Class,JS-16030,Joy Smith,Consumer,United States,Trenton,Michigan,48183,Central,TEC-PH-10001557,Technology,Phones,Pyle PMP37LED,191.98,2,0,51.8346
6221,CA-2020-160220,10/20/2020,10/26/2020,Standard Class,JS-16030,Joy Smith,Consumer,United States,Trenton,Michigan,48183,Central,OFF-ST-10000617,Office Supplies,Storage,Woodgrain Magazine Files by Perma,20.86,7,0,1.4602
6315,CA-2018-100762,11/24/2018,11/29/2018,Standard Class,NG-18355,Nat Gilpin,Corporate,United States,Jackson,Michigan,49201,Central,OFF-AR-10000380,Office Supplies,Art,"Hunt PowerHouse Electric Pencil Sharpener, Blue",151.92,4,0,45.576
6316,CA-2018-100762,11/24/2018,11/29/2018,Standard Class,NG-18355,Nat Gilpin,Corporate,United States,Jackson,Michigan,49201,Central,OFF-LA-10003930,Office Supplies,Labels,"Dot Matrix Printer Tape Reel Labels, White, 5000/Box",196.62,2,0,96.3438
6317,CA-2018-100762,11/24/2018,11/29/2018,Standard Class,NG-18355,Nat Gilpin,Corporate,United States,Jackson,Michigan,49201,Central,OFF-PA-10001815,Office Supplies,Paper,Xerox 1885,144.12,3,0,69.1776
6318,CA-2018-100762,11/24/2018,11/29/2018,Standard Class,NG-18355,Nat Gilpin,Corporate,United States,Jackson,Michigan,49201,Central,OFF-PA-10004082,Office Supplies,Paper,"Adams Telephone Message Book w/Frequently-Called Numbers Space, 400 Messages per Book",15.96,2,0,7.98
6323,CA-2018-141299,6/3/2018,6/7/2018,Second Class,RB-19795,Ross Baird,Home Office,United States,Midland,Michigan,48640,Central,OFF-EN-10004459,Office Supplies,Envelopes,Security-Tint Envelopes,15.28,2,0,7.4872
6327,CA-2018-167927,1/20/2018,1/26/2018,Standard Class,XP-21865,Xylona Preis,Consumer,United States,Westland,Michigan,48185,Central,OFF-ST-10000760,Office Supplies,Storage,Eldon Fold 'N Roll Cart System,13.98,1,0,4.0542
6328,CA-2018-167927,1/20/2018,1/26/2018,Standard Class,XP-21865,Xylona Preis,Consumer,United States,Westland,Michigan,48185,Central,FUR-FU-10002918,Furniture,Furnishings,Eldon ClusterMat Chair Mat with Cordless Antistatic Protection,272.94,3,0,30.0234
6329,CA-2018-167927,1/20/2018,1/26/2018,Standard Class,XP-21865,Xylona Preis,Consumer,United States,Westland,Michigan,48185,Central,OFF-BI-10000605,Office Supplies,Binders,"Acco Pressboard Covers with Storage Hooks, 9 1/2"" x 11"", Executive Red",19.05,5,0,8.9535
6330,CA-2018-167927,1/20/2018,1/26/2018,Standard Class,XP-21865,Xylona Preis,Consumer,United States,Westland,Michigan,48185,Central,OFF-AP-10002311,Office Supplies,Appliances,"Holmes Replacement Filter for HEPA Air Cleaner, Very Large Room, HEPA Filter",247.716,4,0.1,93.5816
6331,CA-2018-167927,1/20/2018,1/26/2018,Standard Class,XP-21865,Xylona Preis,Consumer,United States,Westland,Michigan,48185,Central,OFF-ST-10003123,Office Supplies,Storage,Fellowes Bases and Tops For Staxonsteel/High-Stak Systems,66.58,2,0,15.9792
6332,CA-2018-167927,1/20/2018,1/26/2018,Standard Class,XP-21865,Xylona Preis,Consumer,United States,Westland,Michigan,48185,Central,OFF-AR-10004456,Office Supplies,Art,Panasonic KP-4ABK Battery-Operated Pencil Sharpener,43.92,3,0,12.7368
6333,CA-2018-167927,1/20/2018,1/26/2018,Standard Class,XP-21865,Xylona Preis,Consumer,United States,Westland,Michigan,48185,Central,FUR-FU-10002268,Furniture,Furnishings,Ultra Door Push Plate,14.73,3,0,4.8609
6334,CA-2018-167927,1/20/2018,1/26/2018,Standard Class,XP-21865,Xylona Preis,Consumer,United States,Westland,Michigan,48185,Central,OFF-BI-10004364,Office Supplies,Binders,Storex Dura Pro Binders,29.7,5,0,13.365
6388,CA-2018-134103,1/30/2018,2/4/2018,Standard Class,MV-18190,Mike Vittorini,Consumer,United States,Detroit,Michigan,48234,Central,OFF-PA-10001204,Office Supplies,Paper,Xerox 1972,10.56,2,0,4.752
6389,CA-2018-134103,1/30/2018,2/4/2018,Standard Class,MV-18190,Mike Vittorini,Consumer,United States,Detroit,Michigan,48234,Central,OFF-ST-10000991,Office Supplies,Storage,Space Solutions HD Industrial Steel Shelving.,229.94,2,0,6.8982
6471,CA-2019-108532,8/29/2019,9/2/2019,Standard Class,CC-12100,Chad Cunningham,Home Office,United States,Detroit,Michigan,48234,Central,TEC-PH-10001750,Technology,Phones,Samsung Rugby III,131.98,2,0,35.6346
6472,CA-2019-108532,8/29/2019,9/2/2019,Standard Class,CC-12100,Chad Cunningham,Home Office,United States,Detroit,Michigan,48234,Central,TEC-AC-10004510,Technology,Accessories,Logitech Desktop MK120 Mouse and keyboard Combo,114.52,7,0,11.452
6521,CA-2021-138289,1/16/2021,1/18/2021,Second Class,AR-10540,Andy Reiter,Consumer,United States,Jackson,Michigan,49201,Central,OFF-BI-10004995,Office Supplies,Binders,GBC DocuBind P400 Electric Binding System,5443.96,4,0,2504.2216
6522,CA-2021-138289,1/16/2021,1/18/2021,Second Class,AR-10540,Andy Reiter,Consumer,United States,Jackson,Michigan,49201,Central,FUR-CH-10004626,Furniture,Chairs,Office Star Flex Back Scooter Chair with Aluminum Finish Frame,302.67,3,0,72.6408
6523,CA-2021-138289,1/16/2021,1/18/2021,Second Class,AR-10540,Andy Reiter,Consumer,United States,Jackson,Michigan,49201,Central,OFF-PA-10001260,Office Supplies,Paper,"TOPS Money Receipt Book, Consecutively Numbered in Red,",56.07,7,0,25.2315
6907,CA-2021-149468,5/20/2021,5/20/2021,Same Day,AR-10405,Allen Rosenblatt,Corporate,United States,Trenton,Michigan,48183,Central,OFF-BI-10002225,Office Supplies,Binders,"Square Ring Data Binders, Rigid 75 Pt. Covers, 11"" x 14-7/8""",41.28,2,0,19.8144
6983,CA-2020-116526,9/1/2020,9/5/2020,Standard Class,JA-15970,Joseph Airdo,Consumer,United States,Detroit,Michigan,48227,Central,OFF-BI-10004728,Office Supplies,Binders,Wilson Jones Turn Tabs Binder Tool for Ring Binders,24.1,5,0,11.086
6984,CA-2020-116526,9/1/2020,9/5/2020,Standard Class,JA-15970,Joseph Airdo,Consumer,United States,Detroit,Michigan,48227,Central,TEC-PH-10002365,Technology,Phones,Belkin Grip Candy Sheer Case / Cover for iPhone 5 and 5S,8.78,1,0,2.2828
6985,CA-2020-116526,9/1/2020,9/5/2020,Standard Class,JA-15970,Joseph Airdo,Consumer,United States,Detroit,Michigan,48227,Central,OFF-AP-10002457,Office Supplies,Appliances,"Eureka The Boss Plus 12-Amp Hard Box Upright Vacuum, Red",376.74,4,0.1,71.162
6986,CA-2020-116526,9/1/2020,9/5/2020,Standard Class,JA-15970,Joseph Airdo,Consumer,United States,Detroit,Michigan,48227,Central,OFF-BI-10000320,Office Supplies,Binders,GBC Plastic Binding Combs,29.52,4,0,14.4648
6987,CA-2020-116526,9/1/2020,9/5/2020,Standard Class,JA-15970,Joseph Airdo,Consumer,United States,Detroit,Michigan,48227,Central,OFF-AR-10004999,Office Supplies,Art,Newell 315,11.96,2,0,2.99
6988,CA-2020-116526,9/1/2020,9/5/2020,Standard Class,JA-15970,Joseph Airdo,Consumer,United States,Detroit,Michigan,48227,Central,OFF-BI-10001116,Office Supplies,Binders,"Wilson Jones 1"" Hanging DublLock Ring Binders",26.4,5,0,12.672
7215,CA-2019-103072,9/27/2019,9/30/2019,Second Class,HW-14935,Helen Wasserman,Corporate,United States,Detroit,Michigan,48205,Central,OFF-AR-10000127,Office Supplies,Art,Newell 321,16.4,5,0,4.756
7216,CA-2019-103072,9/27/2019,9/30/2019,Second Class,HW-14935,Helen Wasserman,Corporate,United States,Detroit,Michigan,48205,Central,OFF-PA-10003172,Office Supplies,Paper,Xerox 1996,25.92,4,0,12.4416
7253,CA-2020-152457,9/12/2020,9/18/2020,Standard Class,SC-20695,Steve Chapman,Corporate,United States,Roseville,Michigan,48066,Central,OFF-PA-10003790,Office Supplies,Paper,Xerox 1991,68.52,3,0,31.5192
7311,CA-2019-121699,8/10/2019,8/14/2019,Standard Class,BD-11320,Bill Donatelli,Consumer,United States,Detroit,Michigan,48227,Central,OFF-BI-10004632,Office Supplies,Binders,GBC Binding covers,64.75,5,0,29.1375
7356,CA-2019-139780,12/31/2019,1/2/2020,Second Class,AH-10690,Anna Häberlin,Corporate,United States,Detroit,Michigan,48205,Central,OFF-BI-10004139,Office Supplies,Binders,Fellowes Presentation Covers for Comb Binding Machines,116.4,8,0,52.38
7595,CA-2021-119655,4/20/2021,4/24/2021,Standard Class,CV-12295,Christina VanderZanden,Consumer,United States,Detroit,Michigan,48234,Central,OFF-BI-10001989,Office Supplies,Binders,Premium Transparent Presentation Covers by GBC,146.86,7,0,70.4928
7596,CA-2021-119655,4/20/2021,4/24/2021,Standard Class,CV-12295,Christina VanderZanden,Consumer,United States,Detroit,Michigan,48234,Central,OFF-BI-10001036,Office Supplies,Binders,Cardinal EasyOpen D-Ring Binders,36.56,4,0,18.28
7625,CA-2019-136805,5/23/2019,5/27/2019,Second Class,NM-18445,Nathan Mautz,Home Office,United States,Detroit,Michigan,48234,Central,OFF-AP-10001394,Office Supplies,Appliances,Harmony Air Purifier,850.5,5,0.1,245.7
7626,CA-2019-136805,5/23/2019,5/27/2019,Second Class,NM-18445,Nathan Mautz,Home Office,United States,Detroit,Michigan,48234,Central,FUR-FU-10003724,Furniture,Furnishings,Westinghouse Clip-On Gooseneck Lamps,75.33,9,0,19.5858
7683,CA-2019-120782,4/28/2019,5/1/2019,First Class,SD-20485,Shirley Daniels,Home Office,United States,Midland,Michigan,48640,Central,OFF-AP-10003779,Office Supplies,Appliances,Kensington 7 Outlet MasterPiece Power Center with Fax/Phone Line Protection,186.732,1,0.1,41.496
7684,CA-2019-120782,4/28/2019,5/1/2019,First Class,SD-20485,Shirley Daniels,Home Office,United States,Midland,Michigan,48640,Central,OFF-BI-10003527,Office Supplies,Binders,Fellowes PB500 Electric Punch Plastic Comb Binding Machine with Manual Bind,3812.97,3,0,1906.485
7687,CA-2020-169838,11/25/2020,11/29/2020,Standard Class,BB-11545,Brenda Bowman,Corporate,United States,Jackson,Michigan,49201,Central,FUR-TA-10001095,Furniture,Tables,Chromcraft Round Conference Tables,1568.61,9,0,329.4081
7688,CA-2020-169838,11/25/2020,11/29/2020,Standard Class,BB-11545,Brenda Bowman,Corporate,United States,Jackson,Michigan,49201,Central,OFF-BI-10004002,Office Supplies,Binders,Wilson Jones International Size A4 Ring Binders,17.3,1,0,8.304
7689,CA-2020-169838,11/25/2020,11/29/2020,Standard Class,BB-11545,Brenda Bowman,Corporate,United States,Jackson,Michigan,49201,Central,TEC-AC-10004518,Technology,Accessories,Memorex Mini Travel Drive 32 GB USB 2.0 Flash Drive,160,8,0,62.4
7703,CA-2020-114601,8/26/2020,9/2/2020,Standard Class,AA-10480,Andrew Allen,Consumer,United States,Detroit,Michigan,48234,Central,OFF-PA-10000605,Office Supplies,Paper,Xerox 1950,11.56,2,0,5.6644
7704,CA-2020-114601,8/26/2020,9/2/2020,Standard Class,AA-10480,Andrew Allen,Consumer,United States,Detroit,Michigan,48234,Central,TEC-PH-10002170,Technology,Phones,ClearSounds CSC500 Amplified Spirit Phone Corded phone,209.97,3,0,58.7916
7705,CA-2020-114601,8/26/2020,9/2/2020,Standard Class,AA-10480,Andrew Allen,Consumer,United States,Detroit,Michigan,48234,Central,FUR-TA-10004147,Furniture,Tables,Hon 4060 Series Tables,447.84,4,0,98.5248
7706,CA-2020-114601,8/26/2020,9/2/2020,Standard Class,AA-10480,Andrew Allen,Consumer,United States,Detroit,Michigan,48234,Central,TEC-AC-10003911,Technology,Accessories,NETGEAR AC1750 Dual Band Gigabit Smart WiFi Router,479.97,3,0,163.1898
7707,CA-2020-114601,8/26/2020,9/2/2020,Standard Class,AA-10480,Andrew Allen,Consumer,United States,Detroit,Michigan,48234,Central,OFF-AR-10002578,Office Supplies,Art,Newell 335,8.64,3,0,2.5056
8260,CA-2020-118101,6/26/2020,6/26/2020,Same Day,SN-20560,Skye Norling,Home Office,United States,Roseville,Michigan,48066,Central,OFF-PA-10000357,Office Supplies,Paper,"White Dual Perf Computer Printout Paper, 2700 Sheets, 1 Part, Heavyweight, 20 lbs., 14 7/8 x 11",368.91,9,0,180.7659
8261,CA-2020-118101,6/26/2020,6/26/2020,Same Day,SN-20560,Skye Norling,Home Office,United States,Roseville,Michigan,48066,Central,OFF-BI-10000773,Office Supplies,Binders,Insertable Tab Post Binder Dividers,8.02,1,0,3.7694
8262,CA-2020-118101,6/26/2020,6/26/2020,Same Day,SN-20560,Skye Norling,Home Office,United States,Roseville,Michigan,48066,Central,OFF-ST-10001837,Office Supplies,Storage,"SAFCO Mobile Desk Side File, Wire Frame",171.04,4,0,44.4704
8301,CA-2019-109169,4/20/2019,4/24/2019,Standard Class,OT-18730,Olvera Toch,Consumer,United States,Detroit,Michigan,48234,Central,OFF-EN-10003296,Office Supplies,Envelopes,Tyvek Side-Opening Peel & Seel Expanding Envelopes,180.96,2,0,81.432
8428,CA-2021-167017,11/23/2021,11/25/2021,First Class,DC-12850,Dan Campbell,Consumer,United States,Roseville,Michigan,48066,Central,OFF-SU-10001935,Office Supplies,Supplies,Staple remover,4.36,2,0,0.1744
8463,CA-2019-169537,9/3/2019,9/7/2019,Second Class,JH-15820,John Huston,Consumer,United States,Holland,Michigan,49423,Central,OFF-LA-10001982,Office Supplies,Labels,Smead Alpha-Z Color-Coded Name Labels First Letter Starter Set,7.5,2,0,3.6
8484,CA-2020-126284,9/20/2020,9/24/2020,Standard Class,EN-13780,Edward Nazzal,Consumer,United States,Grand Rapids,Michigan,49505,Central,OFF-BI-10004828,Office Supplies,Binders,GBC Poly Designer Binding Covers,83.7,5,0,41.013
8509,CA-2019-135853,12/11/2019,12/14/2019,First Class,CA-12775,Cynthia Arntzen,Consumer,United States,Detroit,Michigan,48205,Central,TEC-AC-10004761,Technology,Accessories,Maxell 4.7GB DVD+RW 3/Pack,175.23,11,0,61.3305
8510,CA-2019-135853,12/11/2019,12/14/2019,First Class,CA-12775,Cynthia Arntzen,Consumer,United States,Detroit,Michigan,48205,Central,TEC-PH-10003691,Technology,Phones,BlackBerry Q10,125.99,1,0,31.4975
8511,CA-2019-135853,12/11/2019,12/14/2019,First Class,CA-12775,Cynthia Arntzen,Consumer,United States,Detroit,Michigan,48205,Central,OFF-BI-10004965,Office Supplies,Binders,Ibico Covers for Plastic or Wire Binding Elements,23,2,0,10.35
8531,CA-2020-156748,11/30/2020,12/6/2020,Standard Class,BS-11755,Bruce Stewart,Consumer,United States,Detroit,Michigan,48227,Central,OFF-PA-10000380,Office Supplies,Paper,"REDIFORM Incoming/Outgoing Call Register, 11"" X 8 1/2"", 100 Messages",33.36,4,0,16.68
8532,CA-2020-156748,11/30/2020,12/6/2020,Standard Class,BS-11755,Bruce Stewart,Consumer,United States,Detroit,Michigan,48227,Central,OFF-PA-10002713,Office Supplies,Paper,"Adams Phone Message Book, 200 Message Capacity, 8 1/16 x 11",13.76,2,0,6.3296
8533,CA-2020-156748,11/30/2020,12/6/2020,Standard Class,BS-11755,Bruce Stewart,Consumer,United States,Detroit,Michigan,48227,Central,OFF-ST-10001370,Office Supplies,Storage,Sensible Storage WireTech Storage Systems,496.86,7,0,24.843
8534,CA-2020-156748,11/30/2020,12/6/2020,Standard Class,BS-11755,Bruce Stewart,Consumer,United States,Detroit,Michigan,48227,Central,FUR-CH-10000513,Furniture,Chairs,High-Back Leather Manager's Chair,389.97,3,0,35.0973
8695,US-2018-112795,8/23/2018,8/28/2018,Second Class,CR-12625,Corey Roper,Home Office,United States,Grand Rapids,Michigan,49505,Central,OFF-PA-10001934,Office Supplies,Paper,Xerox 1993,19.44,3,0,9.5256
8812,US-2020-140172,3/8/2020,3/13/2020,Standard Class,SP-20650,Stephanie Phelps,Corporate,United States,Jackson,Michigan,49201,Central,OFF-AP-10004233,Office Supplies,Appliances,Honeywell Enviracaire Portable Air Cleaner for up to 8 x 10 Room,207.144,3,0.1,48.3336
8813,US-2020-140172,3/8/2020,3/13/2020,Standard Class,SP-20650,Stephanie Phelps,Corporate,United States,Jackson,Michigan,49201,Central,OFF-AR-10002766,Office Supplies,Art,Prang Drawing Pencil Set,13.9,5,0,3.753
9033,CA-2021-105823,6/22/2021,6/26/2021,Standard Class,RB-19465,Rick Bensley,Home Office,United States,Detroit,Michigan,48227,Central,FUR-CH-10000454,Furniture,Chairs,"Hon Deluxe Fabric Upholstered Stacking Chairs, Rounded Back",487.96,2,0,146.388
9040,CA-2020-117121,12/17/2020,12/21/2020,Standard Class,AB-10105,Adrian Barton,Consumer,United States,Detroit,Michigan,48205,Central,OFF-BI-10000545,Office Supplies,Binders,GBC Ibimaster 500 Manual ProClick Binding System,9892.74,13,0,4946.37
9094,US-2019-132836,6/1/2019,6/5/2019,Standard Class,AJ-10945,Ashley Jarboe,Consumer,United States,Detroit,Michigan,48227,Central,TEC-PH-10001299,Technology,Phones,Polycom CX300 Desktop Phone USB VoIP phone,299.98,2,0,83.9944
9095,US-2019-132836,6/1/2019,6/5/2019,Standard Class,AJ-10945,Ashley Jarboe,Consumer,United States,Detroit,Michigan,48227,Central,OFF-BI-10004224,Office Supplies,Binders,Catalog Binders with Expanding Posts,403.68,6,0,181.656
9096,US-2019-132836,6/1/2019,6/5/2019,Standard Class,AJ-10945,Ashley Jarboe,Consumer,United States,Detroit,Michigan,48227,Central,TEC-PH-10001300,Technology,Phones,"iKross Bluetooth Portable Keyboard + Cell Phone Stand Holder + Brush for Apple iPhone 5S 5C 5, 4S 4",41.9,2,0,11.732
9097,US-2019-132836,6/1/2019,6/5/2019,Standard Class,AJ-10945,Ashley Jarboe,Consumer,United States,Detroit,Michigan,48227,Central,OFF-LA-10004178,Office Supplies,Labels,Avery 491,28.91,7,0,13.2986
9150,US-2018-157070,6/1/2018,6/6/2018,Standard Class,QJ-19255,Quincy Jones,Corporate,United States,Detroit,Michigan,48234,Central,OFF-BI-10001765,Office Supplies,Binders,Wilson Jones Heavy-Duty Casebound Ring Binders with Metal Hinges,138.56,4,0,66.5088
9151,US-2018-157070,6/1/2018,6/6/2018,Standard Class,QJ-19255,Quincy Jones,Corporate,United States,Detroit,Michigan,48234,Central,OFF-AP-10004859,Office Supplies,Appliances,Acco 6 Outlet Guardian Premium Surge Suppressor,65.52,5,0.1,12.376
9263,CA-2019-124499,10/9/2019,10/13/2019,Standard Class,FM-14380,Fred McMath,Consumer,United States,Detroit,Michigan,48227,Central,FUR-CH-10000513,Furniture,Chairs,High-Back Leather Manager's Chair,389.97,3,0,35.0973
9264,CA-2019-124499,10/9/2019,10/13/2019,Standard Class,FM-14380,Fred McMath,Consumer,United States,Detroit,Michigan,48227,Central,OFF-AP-10002191,Office Supplies,Appliances,Belkin 8 Outlet SurgeMaster II Gold Surge Protector,269.91,5,0.1,53.982
9314,CA-2019-111948,11/11/2019,11/11/2019,Same Day,AG-10495,Andrew Gjertsen,Corporate,United States,Detroit,Michigan,48234,Central,OFF-ST-10003282,Office Supplies,Storage,"Advantus 10-Drawer Portable Organizer, Chrome Metal Frame, Smoke Drawers",418.32,7,0,117.1296
9315,CA-2019-111948,11/11/2019,11/11/2019,Same Day,AG-10495,Andrew Gjertsen,Corporate,United States,Detroit,Michigan,48234,Central,OFF-AP-10002311,Office Supplies,Appliances,"Holmes Replacement Filter for HEPA Air Cleaner, Very Large Room, HEPA Filter",123.858,2,0.1,46.7908
9355,CA-2019-110324,12/1/2019,12/5/2019,Standard Class,MA-17560,Matt Abelman,Home Office,United States,Jackson,Michigan,49201,Central,OFF-PA-10001826,Office Supplies,Paper,Xerox 207,19.44,3,0,9.3312
9356,CA-2019-110324,12/1/2019,12/5/2019,Standard Class,MA-17560,Matt Abelman,Home Office,United States,Jackson,Michigan,49201,Central,OFF-AR-10000823,Office Supplies,Art,Newell 307,3.64,2,0,1.0192
9357,CA-2019-110324,12/1/2019,12/5/2019,Standard Class,MA-17560,Matt Abelman,Home Office,United States,Jackson,Michigan,49201,Central,OFF-PA-10001776,Office Supplies,Paper,"Wirebound Message Books, Four 2 3/4"" x 5"" Forms per Page, 600 Sets per Book",18.54,2,0,8.7138
9507,CA-2018-149104,4/5/2018,4/7/2018,Second Class,RD-19900,Ruben Dartt,Consumer,United States,Dearborn Heights,Michigan,48127,Central,OFF-AR-10002952,Office Supplies,Art,Stanley Contemporary Battery Pencil Sharpeners,26.7,2,0,7.476
9508,CA-2018-149104,4/5/2018,4/7/2018,Second Class,RD-19900,Ruben Dartt,Consumer,United States,Dearborn Heights,Michigan,48127,Central,OFF-BI-10004209,Office Supplies,Binders,"Fellowes Twister Kit, Gray/Clear, 3/pkg",40.2,5,0,18.09
9509,CA-2018-149104,4/5/2018,4/7/2018,Second Class,RD-19900,Ruben Dartt,Consumer,United States,Dearborn Heights,Michigan,48127,Central,OFF-AR-10004685,Office Supplies,Art,"Binney & Smith Crayola Metallic Colored Pencils, 8-Color Set",13.89,3,0,4.5837
9510,CA-2018-149104,4/5/2018,4/7/2018,Second Class,RD-19900,Ruben Dartt,Consumer,United States,Dearborn Heights,Michigan,48127,Central,OFF-ST-10000991,Office Supplies,Storage,Space Solutions HD Industrial Steel Shelving.,689.82,6,0,20.6946
9585,CA-2021-132584,8/26/2021,8/27/2021,First Class,HJ-14875,Heather Jas,Home Office,United States,Detroit,Michigan,48234,Central,OFF-ST-10000344,Office Supplies,Storage,"Neat Ideas Personal Hanging Folder Files, Black",53.72,4,0,13.9672
9628,CA-2018-139283,11/23/2018,11/27/2018,Standard Class,BT-11440,Bobby Trafton,Consumer,United States,Detroit,Michigan,48227,Central,OFF-BI-10002049,Office Supplies,Binders,UniKeep View Case Binders,14.67,3,0,6.7482
9697,CA-2018-144281,6/10/2018,6/15/2018,Second Class,HK-14890,Heather Kirkland,Corporate,United States,Detroit,Michigan,48234,Central,OFF-LA-10003930,Office Supplies,Labels,"Dot Matrix Printer Tape Reel Labels, White, 5000/Box",491.55,5,0,240.8595
9768,CA-2021-102659,12/9/2021,12/15/2021,Standard Class,LW-17215,Luke Weiss,Consumer,United States,Grand Rapids,Michigan,49505,Central,OFF-BI-10000088,Office Supplies,Binders,GBC Imprintable Covers,54.9,5,0,26.901
9983,US-2020-157728,9/22/2020,9/28/2020,Standard Class,RC-19960,Ryan Crowe,Consumer,United States,Grand Rapids,Michigan,49505,Central,OFF-PA-10002195,Office Supplies,Paper,"RSVP Cards & Envelopes, Blank White, 8-1/2"" X 11"", 24 Cards/25 Envelopes/Set",35.56,7,0,16.7132
9984,US-2020-157728,9/22/2020,9/28/2020,Standard Class,RC-19960,Ryan Crowe,Consumer,United States,Grand Rapids,Michigan,49505,Central,TEC-PH-10001305,Technology,Phones,Panasonic KX TS208W Corded phone,97.98,2,0,27.4344
